2017-08-13 02:21:39.636,54.79389953613281,41.8306999206543
2017-08-13 02:21:39.670,51.64889907836914,40.81959915161133
2017-08-13 02:21:39.705,59.93230056762695,39.96110153198242
2017-08-13 02:21:39.750,54.73149871826172,37.268798828125
2017-08-13 02:21:39.784,60.71189880371094,45.78689956665039
2017-08-13 02:21:39.818,49.726200103759766,44.642398834228516
2017-08-13 02:21:39.854,57.51969909667969,42.76300048828125
2017-08-13 02:21:39.899,53.44670104980469,45.873600006103516
2017-08-13 02:21:39.933,56.47200012207031,54.610801696777344
2017-08-13 02:21:39.969,63.007301330566406,51.432498931884766
2017-08-13 02:21:40.005,73.02519989013672,49.87310028076172
2017-08-13 02:21:40.040,176.51390075683594,243.31019592285156
2017-08-13 02:21:40.085,228.30250549316406,258.58441162109375
2017-08-13 02:21:40.121,232.58120727539062,280.8533935546875
2017-08-13 02:21:40.155,236.37899780273438,256.6317138671875
2017-08-13 02:21:40.190,252.80169677734375,219.3509979248047
2017-08-13 02:21:40.225,201.72509765625,378.07861328125
2017-08-13 02:21:40.258,253.66720581054688,355.3540954589844
2017-08-13 02:21:40.303,284.1929016113281,346.9002990722656
2017-08-13 02:21:40.339,321.8753967285156,356.00799560546875
2017-08-13 02:21:40.372,345.2200012207031,348.2966003417969
2017-08-13 02:21:40.417,364.8688049316406,341.5806884765625
2017-08-13 02:21:40.452,282.3825988769531,344.2828063964844
2017-08-13 02:21:40.487,213.13369750976562,333.2511901855469
2017-08-13 02:21:40.521,205.55520629882812,327.6965026855469
2017-08-13 02:21:40.555,206.8936004638672,305.9898986816406
2017-08-13 02:21:40.600,170.20899963378906,282.19580078125
2017-08-13 02:21:40.636,169.27749633789062,298.1603088378906
2017-08-13 02:21:40.670,164.83050537109375,287.8533935546875
2017-08-13 02:21:40.706,168.29710388183594,303.79168701171875
2017-08-13 02:21:40.740,173.11940002441406,296.63189697265625
2017-08-13 02:21:40.784,169.7353057861328,289.3185119628906
2017-08-13 02:21:40.818,211.3824005126953,276.6341857910156
2017-08-13 02:21:40.854,213.7509002685547,272.32818603515625
2017-08-13 02:21:40.889,208.610595703125,271.02508544921875
2017-08-13 02:21:40.934,208.36639404296875,279.36871337890625
2017-08-13 02:21:40.969,210.9716033935547,268.2391052246094
2017-08-13 02:21:41.002,210.98789978027344,271.5244140625
2017-08-13 02:21:41.038,210.91229248046875,273.7911071777344
2017-08-13 02:21:41.082,309.2757873535156,256.552001953125
2017-08-13 02:21:41.116,299.8116149902344,255.22479248046875
2017-08-13 02:21:41.150,316.96600341796875,251.9398956298828
2017-08-13 02:21:41.183,296.23040771484375,248.7720947265625
2017-08-13 02:21:41.227,294.9930114746094,268.0315856933594
2017-08-13 02:21:41.262,377.03680419921875,250.95050048828125
2017-08-13 02:21:41.297,403.72540283203125,260.52520751953125
2017-08-13 02:21:41.341,390.6365051269531,256.9909973144531
2017-08-13 02:21:41.375,389.4762878417969,254.65969848632812
2017-08-13 02:21:41.410,404.2088928222656,255.26319885253906
2017-08-13 02:21:41.445,399.4624938964844,255.0885009765625
2017-08-13 02:21:41.488,381.6383056640625,265.3536071777344
2017-08-13 02:21:41.523,0.0,0.0
2017-08-13 02:21:41.557,413.42999267578125,568.7310791015625
2017-08-13 02:21:41.592,479.7431945800781,240.21359252929688
2017-08-13 02:21:41.636,484.6993103027344,248.0167999267578
2017-08-13 02:21:41.672,478.9154968261719,254.54949951171875
2017-08-13 02:21:41.707,485.2737121582031,248.44859313964844
2017-08-13 02:21:41.743,490.569091796875,244.9239959716797
2017-08-13 02:21:41.777,488.2164001464844,248.37120056152344
2017-08-13 02:21:41.822,494.07220458984375,252.59280395507812
2017-08-13 02:21:41.857,482.6300048828125,255.46620178222656
2017-08-13 02:21:41.892,568.5952758789062,251.01730346679688
2017-08-13 02:21:41.926,570.0579223632812,245.43919372558594
2017-08-13 02:21:41.970,586.5701293945312,253.9342041015625
2017-08-13 02:21:42.005,579.6065063476562,249.1638946533203
2017-08-13 02:21:42.041,583.6569213867188,239.9344024658203
2017-08-13 02:21:42.075,589.9329833984375,240.8715057373047
2017-08-13 02:21:42.110,654.5969848632812,223.19869995117188
2017-08-13 02:21:42.154,660.07568359375,231.28289794921875
2017-08-13 02:21:42.188,677.1304931640625,235.8699951171875
2017-08-13 02:21:42.224,672.3687133789062,244.49349975585938
2017-08-13 02:21:42.259,707.5311889648438,241.52430725097656
2017-08-13 02:21:42.303,716.8112182617188,239.28759765625
2017-08-13 02:21:42.338,731.6981811523438,247.73939514160156
2017-08-13 02:21:42.373,715.439697265625,240.48440551757812
2017-08-13 02:21:42.408,721.8361206054688,231.63720703125
2017-08-13 02:21:42.444,658.2996826171875,255.86160278320312
2017-08-13 02:21:42.489,210.31019592285156,285.193115234375
2017-08-13 02:21:42.524,183.71600341796875,299.5668029785156
2017-08-13 02:21:42.561,191.01040649414062,292.7943115234375
2017-08-13 02:21:42.594,182.98899841308594,310.25048828125
2017-08-13 02:21:42.628,180.5977020263672,303.1820068359375
2017-08-13 02:21:42.674,190.85940551757812,297.65838623046875
2017-08-13 02:21:42.709,197.68299865722656,300.8283996582031
2017-08-13 02:21:42.744,194.08949279785156,306.0188903808594
2017-08-13 02:21:42.779,198.75360107421875,298.7690124511719
2017-08-13 02:21:42.814,199.5500030517578,287.1438903808594
2017-08-13 02:21:42.857,176.6082000732422,283.5692138671875
2017-08-13 02:21:42.893,181.34100341796875,302.50421142578125
2017-08-13 02:21:42.928,323.54559326171875,282.5567932128906
2017-08-13 02:21:42.961,340.3869934082031,281.9132995605469
2017-08-13 02:21:43.006,331.9888916015625,287.03570556640625
2017-08-13 02:21:43.042,346.5556945800781,293.4111022949219
2017-08-13 02:21:43.076,342.0663146972656,281.1094970703125
2017-08-13 02:21:43.110,343.0223083496094,294.1856994628906
2017-08-13 02:21:43.154,407.7247009277344,278.3919982910156
2017-08-13 02:21:43.191,408.2923889160156,290.5032043457031
2017-08-13 02:21:43.225,422.8797912597656,287.1990051269531
2017-08-13 02:21:43.261,417.9090881347656,289.80511474609375
2017-08-13 02:21:43.296,535.5745849609375,287.9375915527344
2017-08-13 02:21:43.339,597.6555786132812,255.96859741210938
2017-08-13 02:21:43.376,589.1151733398438,280.410400390625
2017-08-13 02:21:43.410,611.89599609375,289.84588623046875
2017-08-13 02:21:43.445,605.8806762695312,279.189697265625
2017-08-13 02:21:43.479,644.651123046875,257.7513122558594
2017-08-13 02:21:43.523,661.271484375,264.8724060058594
2017-08-13 02:21:43.559,678.5158081054688,266.78350830078125
2017-08-13 02:21:43.594,671.89111328125,262.6051025390625
2017-08-13 02:21:43.629,683.6798706054688,266.42401123046875
2017-08-13 02:21:43.672,685.357177734375,269.343505859375
2017-08-13 02:21:43.709,682.1157836914062,270.38409423828125
2017-08-13 02:21:43.743,513.6763916015625,290.2803955078125
2017-08-13 02:21:43.778,121.29149627685547,343.8210144042969
2017-08-13 02:21:43.813,191.75070190429688,335.9171142578125
2017-08-13 02:21:43.857,201.02459716796875,338.8904113769531
2017-08-13 02:21:43.892,188.6811065673828,343.59429931640625
2017-08-13 02:21:43.927,178.8751983642578,343.20831298828125
2017-08-13 02:21:43.964,194.6846923828125,353.2771911621094
2017-08-13 02:21:43.997,188.56869506835938,354.4620056152344
2017-08-13 02:21:44.041,172.8592071533203,335.8063049316406
2017-08-13 02:21:44.075,163.70770263671875,336.5621032714844
2017-08-13 02:21:44.108,164.35830688476562,348.8143005371094
2017-08-13 02:21:44.152,184.1219940185547,345.20928955078125
2017-08-13 02:21:44.187,163.15220642089844,337.8133850097656
2017-08-13 02:21:44.223,160.08009338378906,345.847412109375
2017-08-13 02:21:44.258,168.45620727539062,340.1225891113281
2017-08-13 02:21:44.301,155.80979919433594,332.114501953125
2017-08-13 02:21:44.336,247.94520568847656,337.8846130371094
2017-08-13 02:21:44.370,240.17210388183594,326.1512145996094
2017-08-13 02:21:44.405,243.7834930419922,330.5089111328125
2017-08-13 02:21:44.449,250.10670471191406,330.0343933105469
2017-08-13 02:21:44.483,233.95249938964844,331.75738525390625
2017-08-13 02:21:44.517,300.489990234375,328.22918701171875
2017-08-13 02:21:44.561,321.0365905761719,332.2663879394531
2017-08-13 02:21:44.596,307.97711181640625,341.6116027832031
2017-08-13 02:21:44.630,297.00311279296875,327.4585876464844
2017-08-13 02:21:44.664,302.9653015136719,318.2835998535156
2017-08-13 02:21:44.709,314.78118896484375,342.21551513671875
2017-08-13 02:21:44.743,300.71728515625,335.6679992675781
2017-08-13 02:21:44.778,420.9862060546875,323.99951171875
2017-08-13 02:21:44.812,408.635009765625,311.3382873535156
2017-08-13 02:21:44.856,424.8428955078125,323.810791015625
2017-08-13 02:21:44.891,416.9399108886719,328.747314453125
2017-08-13 02:21:44.926,0.0,0.0
2017-08-13 02:21:44.960,0.0,0.0
2017-08-13 02:21:45.004,0.0,0.0
2017-08-13 02:21:45.038,437.8335876464844,327.9981994628906
2017-08-13 02:21:45.073,610.1666259765625,285.9101867675781
2017-08-13 02:21:45.108,603.2974853515625,319.9107971191406
2017-08-13 02:21:45.152,606.8654174804688,308.75421142578125
2017-08-13 02:21:45.186,610.81201171875,323.01611328125
2017-08-13 02:21:45.220,608.906005859375,313.2040100097656
2017-08-13 02:21:45.265,607.2247924804688,320.30108642578125
2017-08-13 02:21:45.299,661.9658813476562,325.5841979980469
2017-08-13 02:21:45.332,660.1082153320312,318.3711853027344
2017-08-13 02:21:45.375,714.8386840820312,375.13580322265625
2017-08-13 02:21:45.409,680.7216186523438,314.99639892578125
2017-08-13 02:21:45.444,651.2559814453125,303.1253967285156
2017-08-13 02:21:45.478,669.1538696289062,293.57330322265625
2017-08-13 02:21:45.523,509.09051513671875,324.3208923339844
2017-08-13 02:21:45.559,148.77340698242188,386.35888671875
2017-08-13 02:21:45.594,139.65280151367188,382.8944091796875
2017-08-13 02:21:45.629,145.46380615234375,374.5976867675781
2017-08-13 02:21:45.662,148.9071044921875,385.1383972167969
2017-08-13 02:21:45.707,155.41819763183594,372.3996887207031
2017-08-13 02:21:45.742,115.13960266113281,453.6983947753906
2017-08-13 02:21:45.776,0.0,0.0
2017-08-13 02:21:45.819,0.0,0.0
2017-08-13 02:21:45.853,126.02950286865234,467.3232116699219
2017-08-13 02:21:45.888,185.20339965820312,414.86041259765625
2017-08-13 02:21:45.923,188.31149291992188,411.2181091308594
2017-08-13 02:21:45.967,199.25030517578125,426.5874938964844
2017-08-13 02:21:46.002,203.37860107421875,424.8035888671875
2017-08-13 02:21:46.035,186.9499969482422,405.7178039550781
2017-08-13 02:21:46.078,213.63070678710938,424.4472961425781
2017-08-13 02:21:46.112,201.9093017578125,417.67620849609375
2017-08-13 02:21:46.146,197.28709411621094,432.2580871582031
2017-08-13 02:21:46.181,190.6613006591797,422.3110046386719
2017-08-13 02:21:46.226,194.0074005126953,432.34869384765625
2017-08-13 02:21:46.261,191.60040283203125,426.9057922363281
2017-08-13 02:21:46.297,188.50360107421875,429.70098876953125
2017-08-13 02:21:46.331,286.89471435546875,433.2019958496094
2017-08-13 02:21:46.365,279.51739501953125,426.9841003417969
2017-08-13 02:21:46.410,274.12890625,422.4114990234375
2017-08-13 02:21:46.444,271.37579345703125,432.63751220703125
2017-08-13 02:21:46.478,0.0,0.0
2017-08-13 02:21:46.522,0.0,0.0
2017-08-13 02:21:46.557,-123.43170166015625,1093.362548828125
2017-08-13 02:21:46.590,23.947799682617188,562.2335815429688
2017-08-13 02:21:46.626,313.2203063964844,350.8288879394531
2017-08-13 02:21:46.671,342.66619873046875,428.20208740234375
2017-08-13 02:21:46.706,343.3218994140625,426.8410949707031
2017-08-13 02:21:46.741,344.0137939453125,423.1665954589844
2017-08-13 02:21:46.776,355.78839111328125,414.4784851074219
2017-08-13 02:21:46.820,343.5860900878906,431.6001892089844
2017-08-13 02:21:46.853,440.6044006347656,424.968505859375
2017-08-13 02:21:46.888,429.80889892578125,430.872314453125
2017-08-13 02:21:46.924,429.1152038574219,417.689208984375
2017-08-13 02:21:46.960,421.56988525390625,420.2236022949219
2017-08-13 02:21:47.004,431.8192138671875,411.55621337890625
2017-08-13 02:21:47.038,479.5804138183594,409.3918151855469
2017-08-13 02:21:47.074,524.4744873046875,403.9346923828125
2017-08-13 02:21:47.109,526.8521118164062,401.848388671875
2017-08-13 02:21:47.145,525.4201049804688,408.439697265625
2017-08-13 02:21:47.188,525.7443237304688,407.12530517578125
2017-08-13 02:21:47.224,524.265625,422.5963134765625
2017-08-13 02:21:47.258,534.1416015625,419.2720031738281
2017-08-13 02:21:47.294,589.7689208984375,399.3870849609375
2017-08-13 02:21:47.328,597.769287109375,402.0697937011719
2017-08-13 02:21:47.371,596.8963012695312,389.01629638671875
2017-08-13 02:21:47.407,595.8873291015625,417.80059814453125
2017-08-13 02:21:47.442,606.6436157226562,422.3323059082031
2017-08-13 02:21:47.477,627.8375854492188,417.3721008300781
2017-08-13 02:21:47.521,665.6608276367188,414.3431091308594
2017-08-13 02:21:47.556,663.9755859375,383.8735046386719
2017-08-13 02:21:47.590,660.1068725585938,402.02099609375
2017-08-13 02:21:47.624,657.6787719726562,400.5491027832031
2017-08-13 02:21:47.668,668.58447265625,420.98699951171875
2017-08-13 02:21:47.702,670.0839233398438,383.0990905761719
2017-08-13 02:21:47.737,751.8748168945312,385.5679931640625
2017-08-13 02:21:47.781,761.6173706054688,388.3323974609375
2017-08-13 02:21:47.815,741.7374877929688,393.7695007324219
2017-08-13 02:21:47.849,756.9221801757812,379.37109375
2017-08-13 02:21:47.892,689.6395874023438,400.31988525390625
2017-08-13 02:21:47.927,200.73240661621094,454.9928894042969
2017-08-13 02:21:47.962,104.60369873046875,474.19610595703125
2017-08-13 02:21:47.996,117.39869689941406,464.1328125
2017-08-13 02:21:48.041,108.99410247802734,472.5133972167969
2017-08-13 02:21:48.075,118.51629638671875,467.8323974609375
2017-08-13 02:21:48.110,111.40039825439453,462.72491455078125
2017-08-13 02:21:48.145,98.52230072021484,468.1559143066406
2017-08-13 02:21:48.179,110.51409912109375,468.7244873046875
2017-08-13 02:21:48.224,102.52149963378906,482.40789794921875
2017-08-13 02:21:48.259,101.83709716796875,465.8641052246094
2017-08-13 02:21:48.294,124.8324966430664,482.9682922363281
2017-08-13 02:21:48.329,115.73390197753906,472.5804138183594
2017-08-13 02:21:48.373,116.95020294189453,472.698486328125
2017-08-13 02:21:48.409,204.64239501953125,460.78271484375
2017-08-13 02:21:48.444,187.23880004882812,437.81280517578125
2017-08-13 02:21:48.478,193.76100158691406,438.0960998535156
2017-08-13 02:21:48.522,251.2364959716797,473.30718994140625
2017-08-13 02:21:48.557,235.35299682617188,469.1116027832031
2017-08-13 02:21:48.591,281.84271240234375,527.2415161132812
2017-08-13 02:21:48.626,259.87579345703125,543.4680786132812
2017-08-13 02:21:48.669,281.9483947753906,425.54998779296875
2017-08-13 02:21:48.703,338.6814880371094,421.9637145996094
2017-08-13 02:21:48.738,328.6452941894531,435.5979919433594
2017-08-13 02:21:48.774,324.2204895019531,444.6250915527344
2017-08-13 02:21:48.818,329.7181091308594,453.7799987792969
2017-08-13 02:21:48.852,335.7207946777344,459.0857849121094
2017-08-13 02:21:48.887,392.66400146484375,447.20159912109375
2017-08-13 02:21:48.922,416.9570007324219,449.3721923828125
2017-08-13 02:21:48.957,418.4823913574219,454.5671081542969
2017-08-13 02:21:49.002,422.2421875,453.29168701171875
2017-08-13 02:21:49.038,415.82501220703125,458.1759033203125
2017-08-13 02:21:49.073,415.5318908691406,462.3866882324219
2017-08-13 02:21:49.107,411.6094055175781,458.9704895019531
2017-08-13 02:21:49.142,416.6337890625,449.29510498046875
2017-08-13 02:21:49.186,409.8973083496094,456.7773132324219
2017-08-13 02:21:49.222,410.193115234375,450.0819091796875
2017-08-13 02:21:49.257,402.7112121582031,452.13018798828125
2017-08-13 02:21:49.292,498.8494873046875,456.3059997558594
2017-08-13 02:21:49.327,498.835205078125,447.30108642578125
2017-08-13 02:21:49.371,505.9555969238281,437.5946044921875
2017-08-13 02:21:49.406,487.6585998535156,458.89111328125
2017-08-13 02:21:49.441,489.9762878417969,457.2253112792969
2017-08-13 02:21:49.476,544.9705810546875,449.19781494140625
2017-08-13 02:21:49.519,568.6470947265625,449.4518127441406
2017-08-13 02:21:49.555,567.0991821289062,455.2668151855469
2017-08-13 02:21:49.590,576.3721923828125,427.9612121582031
2017-08-13 02:21:49.624,580.118408203125,451.5226135253906
2017-08-13 02:21:49.669,625.4345703125,449.0791931152344
2017-08-13 02:21:49.702,634.3306274414062,439.4490051269531
2017-08-13 02:21:49.736,638.4078979492188,428.5508117675781
2017-08-13 02:21:49.780,640.69140625,442.7231140136719
2017-08-13 02:21:49.814,648.6198120117188,445.8273010253906
2017-08-13 02:21:49.848,642.16357421875,431.8387145996094
2017-08-13 02:21:49.882,658.2028198242188,424.8046875
2017-08-13 02:21:49.927,701.8530883789062,428.93109130859375
2017-08-13 02:21:49.962,698.3729248046875,439.83441162109375
2017-08-13 02:21:49.997,714.8126831054688,425.1058044433594
2017-08-13 02:21:50.032,716.6270751953125,411.55059814453125
2017-08-13 02:21:50.076,699.6055908203125,421.6236877441406
2017-08-13 02:21:50.109,719.7097778320312,424.8789978027344
2017-08-13 02:21:50.144,711.728271484375,433.3638916015625
2017-08-13 02:21:50.178,709.0267944335938,418.3086853027344
2017-08-13 02:21:50.222,412.4617004394531,459.3916931152344
2017-08-13 02:21:50.258,149.283203125,492.85089111328125
2017-08-13 02:21:50.293,151.43479919433594,496.9450988769531
2017-08-13 02:21:50.327,139.4073028564453,480.0716857910156
2017-08-13 02:21:50.371,144.19090270996094,483.12200927734375
2017-08-13 02:21:50.405,142.47250366210938,495.0685119628906
2017-08-13 02:21:50.441,136.46279907226562,500.3140869140625
2017-08-13 02:21:50.477,151.74920654296875,489.2210998535156
2017-08-13 02:21:50.511,111.85569763183594,507.02020263671875
2017-08-13 02:21:50.556,120.20760345458984,509.87200927734375
2017-08-13 02:21:50.590,116.47869873046875,512.6115112304688
2017-08-13 02:21:50.625,116.87660217285156,500.86749267578125
2017-08-13 02:21:50.660,111.33550262451172,523.8458251953125
2017-08-13 02:21:50.704,105.65540313720703,525.2098999023438
2017-08-13 02:21:50.739,141.86180114746094,501.7226867675781
2017-08-13 02:21:50.775,294.32659912109375,491.67279052734375
2017-08-13 02:21:50.810,302.20721435546875,498.1072082519531
2017-08-13 02:21:50.844,295.83050537109375,492.0090026855469
2017-08-13 02:21:50.889,324.4368896484375,529.5889892578125
2017-08-13 02:21:50.923,294.2721862792969,504.283203125
2017-08-13 02:21:50.958,320.4266052246094,505.50628662109375
2017-08-13 02:21:50.993,304.3132019042969,499.9267883300781
2017-08-13 02:21:51.037,299.2803955078125,522.4697875976562
2017-08-13 02:21:51.072,354.701904296875,505.4960021972656
2017-08-13 02:21:51.107,367.61590576171875,496.2002868652344
2017-08-13 02:21:51.142,367.5617980957031,508.8340148925781
2017-08-13 02:21:51.177,361.80230712890625,506.61248779296875
2017-08-13 02:21:51.222,367.4045104980469,508.7410888671875
2017-08-13 02:21:51.256,373.9082946777344,501.073486328125
2017-08-13 02:21:51.291,350.4043884277344,505.135009765625
2017-08-13 02:21:51.325,340.97821044921875,481.3988037109375
2017-08-13 02:21:51.369,349.1199951171875,487.2085876464844
2017-08-13 02:21:51.405,360.3190002441406,498.1578063964844
2017-08-13 02:21:51.441,326.6658935546875,510.0815124511719
2017-08-13 02:21:51.475,325.16571044921875,499.9599914550781
2017-08-13 02:21:51.520,321.769287109375,502.67510986328125
2017-08-13 02:21:51.555,332.3038024902344,506.7838134765625
2017-08-13 02:21:51.589,327.4497985839844,515.5797729492188
2017-08-13 02:21:51.624,326.24688720703125,494.1614074707031
2017-08-13 02:21:51.667,376.43701171875,500.9128112792969
2017-08-13 02:21:51.701,417.8089904785156,489.62420654296875
2017-08-13 02:21:51.735,419.8309020996094,504.10211181640625
2017-08-13 02:21:51.770,416.698486328125,496.7134094238281
2017-08-13 02:21:51.816,407.0909118652344,592.7166137695312
2017-08-13 02:21:51.850,-14.129400253295898,1175.5654296875
2017-08-13 02:21:51.883,0.0,0.0
2017-08-13 02:21:51.917,464.1990966796875,630.2589111328125
2017-08-13 02:21:51.961,451.37701416015625,409.4919128417969
2017-08-13 02:21:51.994,484.42010498046875,390.90838623046875
2017-08-13 02:21:52.028,439.7477111816406,425.1061096191406
2017-08-13 02:21:52.073,486.58538818359375,428.7255859375
2017-08-13 02:21:52.108,478.1228942871094,432.44189453125
2017-08-13 02:21:52.143,474.9064025878906,429.294189453125
2017-08-13 02:21:52.186,476.8371887207031,419.1531066894531
2017-08-13 02:21:52.220,499.3153991699219,402.6264953613281
2017-08-13 02:21:52.254,480.6224060058594,427.87420654296875
2017-08-13 02:21:52.290,489.2244873046875,433.9796142578125
2017-08-13 02:21:52.334,496.28021240234375,440.9952087402344
2017-08-13 02:21:52.369,454.4418029785156,445.7192077636719
2017-08-13 02:21:52.405,454.130615234375,398.67730712890625
2017-08-13 02:21:52.440,461.68060302734375,463.0474853515625
2017-08-13 02:21:52.475,453.4977111816406,415.006103515625
2017-08-13 02:21:52.510,449.3736877441406,476.42620849609375
2017-08-13 02:21:52.555,447.127197265625,467.5093994140625
2017-08-13 02:21:52.590,435.3009033203125,482.4324951171875
2017-08-13 02:21:52.625,448.2880859375,462.2477111816406
2017-08-13 02:21:52.660,459.5205993652344,482.0411071777344
2017-08-13 02:21:52.694,449.0126037597656,468.9382019042969
2017-08-13 02:21:52.739,456.2421875,391.4147033691406
2017-08-13 02:21:52.774,434.948486328125,460.7959899902344
2017-08-13 02:21:52.809,436.9858093261719,480.97711181640625
2017-08-13 02:21:52.844,445.322998046875,419.0419006347656
2017-08-13 02:21:52.888,450.9884033203125,393.55718994140625
2017-08-13 02:21:52.923,451.6487121582031,422.268798828125
2017-08-13 02:21:52.958,526.5106811523438,413.122802734375
2017-08-13 02:21:52.992,523.89892578125,418.47540283203125
2017-08-13 02:21:53.037,521.6973876953125,407.2301940917969
2017-08-13 02:21:53.072,520.4893798828125,465.97021484375
2017-08-13 02:21:53.108,517.881103515625,473.04400634765625
2017-08-13 02:21:53.143,511.7760925292969,442.0486145019531
2017-08-13 02:21:53.178,602.2935180664062,444.29150390625
2017-08-13 02:21:53.213,582.9348754882812,468.11151123046875
2017-08-13 02:21:53.257,577.2811889648438,391.7997131347656
2017-08-13 02:21:53.293,593.7009887695312,393.5181884765625
2017-08-13 02:21:53.326,594.69921875,468.58740234375
2017-08-13 02:21:53.371,589.0311889648438,456.3612060546875
2017-08-13 02:21:53.406,604.0728759765625,452.2723083496094
2017-08-13 02:21:53.441,609.4119262695312,477.7106018066406
2017-08-13 02:21:53.477,671.5775146484375,460.1470031738281
2017-08-13 02:21:53.511,664.9263916015625,453.5119934082031
2017-08-13 02:21:53.546,658.9818115234375,444.455810546875
2017-08-13 02:21:53.591,650.0474243164062,439.6144104003906
2017-08-13 02:21:53.627,622.7344970703125,365.1673889160156
2017-08-13 02:21:53.661,653.0145263671875,450.4320983886719
2017-08-13 02:21:53.695,653.3568725585938,465.3479919433594
2017-08-13 02:21:53.740,650.0725708007812,454.5158996582031
2017-08-13 02:21:53.774,706.4390869140625,448.7242126464844
2017-08-13 02:21:53.808,689.72021484375,461.1463928222656
2017-08-13 02:21:53.843,692.70947265625,477.7168884277344
2017-08-13 02:21:53.888,686.1292114257812,445.7033996582031
2017-08-13 02:21:53.923,686.32373046875,468.27740478515625
2017-08-13 02:21:53.958,762.590087890625,419.5693054199219
2017-08-13 02:21:53.993,753.1375732421875,455.18310546875
2017-08-13 02:21:54.028,751.7293090820312,432.33880615234375
2017-08-13 02:21:54.072,766.2626953125,431.74420166015625
2017-08-13 02:21:54.106,519.4495849609375,478.2893981933594
2017-08-13 02:21:54.141,87.27559661865234,482.2510070800781
2017-08-13 02:21:54.176,76.96050262451172,492.5722961425781
2017-08-13 02:21:54.221,80.93009948730469,513.1375732421875
2017-08-13 02:21:54.256,154.9134979248047,548.755615234375
2017-08-13 02:21:54.290,90.85569763183594,502.7137145996094
2017-08-13 02:21:54.325,65.364501953125,506.4114990234375
2017-08-13 02:21:54.370,67.13390350341797,494.0387878417969
2017-08-13 02:21:54.406,69.89530181884766,496.8526916503906
2017-08-13 02:21:54.440,44.012298583984375,494.0653991699219
2017-08-13 02:21:54.474,75.48919677734375,578.024169921875
2017-08-13 02:21:54.518,91.04170227050781,573.227294921875
2017-08-13 02:21:54.553,26.3887996673584,518.7319946289062
2017-08-13 02:21:54.589,25.567800521850586,552.614013671875
2017-08-13 02:21:54.624,22.494199752807617,532.7982788085938
2017-08-13 02:21:54.659,268.2251892089844,562.8029174804688
2017-08-13 02:21:54.703,232.94070434570312,510.40789794921875
2017-08-13 02:21:54.738,285.2091979980469,539.1666870117188
2017-08-13 02:21:54.774,235.1157989501953,503.06201171875
2017-08-13 02:21:54.810,350.82611083984375,590.8729248046875
2017-08-13 02:21:54.843,228.67379760742188,490.1441955566406
2017-08-13 02:21:54.888,245.93519592285156,508.914306640625
2017-08-13 02:21:54.925,0.0,0.0
2017-08-13 02:21:54.959,0.0,0.0
2017-08-13 02:21:54.993,0.0,0.0
2017-08-13 02:21:55.027,394.55499267578125,487.2007141113281
2017-08-13 02:21:55.071,414.5138854980469,483.0007019042969
2017-08-13 02:21:55.105,408.9263916015625,502.9298095703125
2017-08-13 02:21:55.141,382.9903869628906,487.9657897949219
2017-08-13 02:21:55.175,414.8973083496094,498.4877014160156
2017-08-13 02:21:55.220,467.5472106933594,461.93011474609375
2017-08-13 02:21:55.256,451.8263854980469,495.16650390625
2017-08-13 02:21:55.290,485.05609130859375,501.18109130859375
2017-08-13 02:21:55.324,459.7716064453125,482.69891357421875
2017-08-13 02:21:55.368,1176.393310546875,-396.143798828125
2017-08-13 02:21:55.402,473.82391357421875,513.1622924804688
2017-08-13 02:21:55.437,593.9022827148438,469.3575134277344
2017-08-13 02:21:55.473,1003.6569213867188,-80.5448989868164
2017-08-13 02:21:55.517,0.0,0.0
2017-08-13 02:21:55.552,0.0,0.0
2017-08-13 02:21:55.585,0.0,0.0
2017-08-13 02:21:55.619,0.0,0.0
2017-08-13 02:21:55.665,0.0,0.0
2017-08-13 02:21:55.699,690.2589111328125,426.5516052246094
2017-08-13 02:21:55.734,-620.2322998046875,106.69390106201172
2017-08-13 02:21:55.768,665.5919189453125,408.1108093261719
2017-08-13 02:21:55.812,673.3035888671875,449.4827880859375
2017-08-13 02:21:55.845,642.1339111328125,350.1982116699219
2017-08-13 02:21:55.880,0.0,0.0
2017-08-13 02:21:55.925,983.4365844726562,3629.811279296875
2017-08-13 02:21:55.959,0.0,0.0
2017-08-13 02:21:55.992,1421.388427734375,-430.8389892578125
2017-08-13 02:21:56.026,726.9476928710938,-41.72669982910156
2017-08-13 02:21:56.070,0.0,0.0
2017-08-13 02:21:56.104,0.0,0.0
2017-08-13 02:21:56.138,0.0,0.0
2017-08-13 02:21:56.182,0.0,0.0
2017-08-13 02:21:56.216,0.0,0.0
2017-08-13 02:21:56.251,0.0,0.0
2017-08-13 02:21:56.285,1239.6827392578125,-410.8192138671875
2017-08-13 02:21:56.329,0.0,0.0
2017-08-13 02:21:56.362,0.0,0.0
2017-08-13 02:21:56.397,0.0,0.0
2017-08-13 02:21:56.441,3168.806396484375,-1709.180419921875
2017-08-13 02:21:56.474,-151.09219360351562,-56.29140090942383
2017-08-13 02:21:56.509,0.0,0.0
2017-08-13 02:21:56.553,369.55120849609375,288.9938049316406
2017-08-13 02:21:56.587,375.7861022949219,494.8944091796875
2017-08-13 02:21:56.622,370.2879943847656,503.8503112792969
2017-08-13 02:21:56.657,270.118896484375,414.9879150390625
2017-08-13 02:21:56.701,357.4389953613281,511.93011474609375
2017-08-13 02:21:56.737,295.3888854980469,508.927490234375
2017-08-13 02:21:56.773,289.9598083496094,521.80126953125
2017-08-13 02:21:56.808,341.1473083496094,534.5079956054688
2017-08-13 02:21:56.842,368.448486328125,550.6068725585938
2017-08-13 02:21:56.877,368.5975036621094,543.89208984375
2017-08-13 02:21:56.921,359.751708984375,558.7957763671875
2017-08-13 02:21:56.956,358.51080322265625,561.326416015625
2017-08-13 02:21:56.992,439.37200927734375,559.2384033203125
2017-08-13 02:21:57.027,0.0,0.0
2017-08-13 02:21:57.061,458.4104919433594,543.7061767578125
2017-08-13 02:21:57.106,455.8800964355469,542.7158203125
2017-08-13 02:21:57.141,465.9939880371094,548.7991943359375
2017-08-13 02:21:57.176,460.53131103515625,560.62451171875
2017-08-13 02:21:57.210,462.2611999511719,564.7509155273438
2017-08-13 02:21:57.256,467.09820556640625,573.5994262695312
2017-08-13 02:21:57.291,547.9069213867188,552.2194213867188
2017-08-13 02:21:57.324,543.8292236328125,542.7445068359375
2017-08-13 02:21:57.358,538.2454223632812,562.4155883789062
2017-08-13 02:21:57.404,532.15478515625,548.4647216796875
2017-08-13 02:21:57.439,545.0850830078125,572.663818359375
2017-08-13 02:21:57.473,583.593017578125,543.6580810546875
2017-08-13 02:21:57.508,617.2208251953125,539.3311157226562
2017-08-13 02:21:57.552,621.839599609375,536.3485107421875
2017-08-13 02:21:57.587,597.4235229492188,550.5181274414062
2017-08-13 02:21:57.622,604.577392578125,550.3209838867188
2017-08-13 02:21:57.657,608.7935791015625,517.1959838867188
2017-08-13 02:21:57.692,619.5020751953125,557.6239013671875
2017-08-13 02:21:57.736,552.6566772460938,19.378799438476562
2017-08-13 02:21:57.772,620.907470703125,479.8680114746094
2017-08-13 02:21:57.807,690.5615844726562,491.70989990234375
2017-08-13 02:21:57.842,709.9500122070312,511.6393127441406
2017-08-13 02:21:57.886,705.1500244140625,513.8925170898438
2017-08-13 02:21:57.921,701.9849853515625,519.7125854492188
2017-08-13 02:21:57.955,719.9191284179688,524.5933837890625
2017-08-13 02:21:57.991,714.3629760742188,517.9130249023438
2017-08-13 02:21:58.026,722.7360229492188,512.4879150390625
2017-08-13 02:21:58.069,711.2257080078125,509.9722900390625
2017-08-13 02:21:58.105,707.6361083984375,508.70709228515625
2017-08-13 02:21:58.140,699.9249877929688,517.0924072265625
2017-08-13 02:21:58.175,634.5430908203125,553.68017578125
2017-08-13 02:21:58.219,641.3703002929688,544.1723022460938
2017-08-13 02:21:58.253,636.7506713867188,539.2020263671875
2017-08-13 02:21:58.288,632.1851196289062,541.3709716796875
2017-08-13 02:21:58.323,625.1832885742188,546.7161254882812
2017-08-13 02:21:58.367,629.9893798828125,538.623779296875
2017-08-13 02:21:58.401,621.1024169921875,532.6162109375
2017-08-13 02:21:58.436,705.631103515625,519.2921752929688
2017-08-13 02:21:58.470,695.2882080078125,519.5064697265625
2017-08-13 02:21:58.514,691.80859375,515.4257202148438
2017-08-13 02:21:58.548,696.2119140625,497.2715148925781
2017-08-13 02:21:58.582,697.98779296875,514.5902709960938
2017-08-13 02:21:58.615,315.2228088378906,588.768310546875
2017-08-13 02:21:58.660,137.71029663085938,576.4965209960938
2017-08-13 02:21:58.694,134.97470092773438,600.322509765625
2017-08-13 02:21:58.728,118.63500213623047,602.1810302734375
2017-08-13 02:21:58.773,142.0236053466797,602.6646728515625
2017-08-13 02:21:58.809,118.15170288085938,589.0366821289062
2017-08-13 02:21:58.843,144.23629760742188,590.9785766601562
2017-08-13 02:21:58.878,62.74919891357422,60.16910171508789
2017-08-13 02:21:58.912,95.11720275878906,611.6561279296875
2017-08-13 02:21:58.955,22.08300018310547,98.54969787597656
2017-08-13 02:21:58.989,97.33149719238281,616.344482421875
2017-08-13 02:21:59.023,278.32989501953125,98.5093002319336
2017-08-13 02:21:59.067,205.53729248046875,709.989990234375
2017-08-13 02:21:59.101,97.75460052490234,615.2999267578125
2017-08-13 02:21:59.135,205.35980224609375,673.9395751953125
2017-08-13 02:21:59.179,6.331900119781494,73.13179779052734
2017-08-13 02:21:59.212,97.135498046875,625.2534790039062
2017-08-13 02:21:59.245,102.87629699707031,607.1981201171875
2017-08-13 02:21:59.289,94.64679718017578,620.5706176757812
2017-08-13 02:21:59.324,109.07569885253906,608.4204711914062
2017-08-13 02:21:59.358,102.3489990234375,623.5662231445312
2017-08-13 02:21:59.401,101.48680114746094,634.3961791992188
2017-08-13 02:21:59.435,178.31520080566406,621.9072265625
2017-08-13 02:21:59.470,174.35000610351562,615.776611328125
2017-08-13 02:21:59.514,186.53529357910156,630.789794921875
2017-08-13 02:21:59.547,173.86129760742188,616.9525146484375
2017-08-13 02:21:59.582,179.07659912109375,631.990478515625
2017-08-13 02:21:59.616,187.84970092773438,633.8590087890625
2017-08-13 02:21:59.659,185.52890014648438,622.2103271484375
2017-08-13 02:21:59.693,396.3598937988281,588.5853271484375
2017-08-13 02:21:59.727,589.9180297851562,545.41552734375
2017-08-13 02:21:59.771,580.0233764648438,552.9362182617188
2017-08-13 02:21:59.807,582.8015747070312,535.9437255859375
2017-08-13 02:21:59.842,572.7780151367188,558.3109741210938
2017-08-13 02:21:59.877,587.238525390625,521.181396484375
2017-08-13 02:21:59.912,561.0057983398438,540.4876708984375
2017-08-13 02:21:59.956,529.5205078125,546.2529296875
2017-08-13 02:21:59.990,573.5504760742188,540.5026245117188
2017-08-13 02:22:00.024,520.526611328125,563.794921875
2017-08-13 02:22:00.069,532.5620727539062,572.6112060546875
2017-08-13 02:22:00.105,516.6619262695312,577.5670776367188
2017-08-13 02:22:00.140,514.3530883789062,545.6010131835938
2017-08-13 02:22:00.175,519.7313842773438,552.9923095703125
2017-08-13 02:22:00.210,520.2562255859375,556.0238037109375
2017-08-13 02:22:00.253,452.5848083496094,561.9210205078125
2017-08-13 02:22:00.289,460.1929931640625,555.0731201171875
2017-08-13 02:22:00.324,444.189208984375,561.4025268554688
2017-08-13 02:22:00.359,452.5199890136719,555.581787109375
2017-08-13 02:22:00.393,483.6402893066406,576.2333984375
2017-08-13 02:22:00.436,646.8106079101562,534.8740844726562
2017-08-13 02:22:00.471,696.96337890625,138.4403076171875
2017-08-13 02:22:00.506,621.8331298828125,523.7271118164062
2017-08-13 02:22:00.549,656.6442260742188,543.7913208007812
2017-08-13 02:22:00.582,237.93899536132812,1010.835205078125
2017-08-13 02:22:00.616,2818.5126953125,1125.2550048828125
2017-08-13 02:22:00.661,0.0,0.0
2017-08-13 02:22:00.695,621.0133056640625,834.9140014648438
2017-08-13 02:22:00.730,0.0,0.0
2017-08-13 02:22:00.764,707.7650756835938,537.9542846679688
2017-08-13 02:22:00.809,712.9780883789062,540.1275024414062
2017-08-13 02:22:00.843,712.8228149414062,527.415283203125
2017-08-13 02:22:00.878,730.9718017578125,564.30712890625
2017-08-13 02:22:00.913,723.2097778320312,524.7891845703125
2017-08-13 02:22:00.958,611.1815185546875,564.323486328125
2017-08-13 02:22:00.992,164.625,643.8106079101562
2017-08-13 02:22:01.026,142.25379943847656,637.5119018554688
2017-08-13 02:22:01.060,131.6916046142578,626.1494140625
2017-08-13 02:22:01.104,148.81399536132812,624.5238037109375
2017-08-13 02:22:01.138,154.80039978027344,620.8112182617188
2017-08-13 02:22:01.174,156.44149780273438,632.45068359375
2017-08-13 02:22:01.208,126.86129760742188,620.19482421875
2017-08-13 02:22:01.254,127.75050354003906,626.1680908203125
2017-08-13 02:22:01.289,212.1829071044922,621.190185546875
2017-08-13 02:22:01.324,205.9521026611328,620.1906127929688
2017-08-13 02:22:01.358,221.89149475097656,614.2302856445312
2017-08-13 02:22:01.402,225.82620239257812,611.6328735351562
2017-08-13 02:22:01.436,207.79600524902344,617.6259765625
2017-08-13 02:22:01.471,221.83340454101562,623.089111328125
2017-08-13 02:22:01.507,206.88999938964844,607.6990966796875
2017-08-13 02:22:01.543,228.98300170898438,586.0919799804688
2017-08-13 02:22:01.577,218.41050720214844,595.4346923828125
2017-08-13 02:22:01.621,204.68780517578125,617.0742797851562
2017-08-13 02:22:01.657,210.76710510253906,606.1796264648438
2017-08-13 02:22:01.692,218.69679260253906,623.692626953125
2017-08-13 02:22:01.727,248.42539978027344,599.6215209960938
2017-08-13 02:22:01.762,251.66819763183594,598.6832275390625
2017-08-13 02:22:01.808,254.70309448242188,591.8458251953125
2017-08-13 02:22:01.842,258.0929870605469,602.3101196289062
2017-08-13 02:22:01.877,289.30609130859375,621.2432250976562
2017-08-13 02:22:01.912,346.3919982910156,608.06689453125
2017-08-13 02:22:01.958,327.885498046875,606.3953247070312
2017-08-13 02:22:01.993,351.3081970214844,610.9727172851562
2017-08-13 02:22:02.027,332.3485107421875,602.7050170898438
2017-08-13 02:22:02.062,337.0238952636719,605.4857177734375
2017-08-13 02:22:02.096,345.0013122558594,610.4033203125
2017-08-13 02:22:02.142,350.8966064453125,616.8917236328125
2017-08-13 02:22:02.177,387.71209716796875,619.2412719726562
2017-08-13 02:22:02.210,410.5087890625,605.1243286132812
2017-08-13 02:22:02.245,420.0447998046875,605.0048828125
2017-08-13 02:22:02.289,416.6452941894531,602.8468017578125
2017-08-13 02:22:02.323,433.7132873535156,622.952392578125
2017-08-13 02:22:02.359,418.0245056152344,623.8463134765625
2017-08-13 02:22:02.393,342.3066101074219,612.7316284179688
2017-08-13 02:22:02.437,338.24261474609375,609.832275390625
2017-08-13 02:22:02.471,333.34100341796875,615.5469970703125
2017-08-13 02:22:02.506,326.71148681640625,631.9406127929688
2017-08-13 02:22:02.540,327.99969482421875,608.3521118164062
2017-08-13 02:22:02.584,335.1697998046875,609.830078125
2017-08-13 02:22:02.619,299.1570129394531,604.7650756835938
2017-08-13 02:22:02.654,298.1246032714844,604.17138671875
2017-08-13 02:22:02.690,301.0271911621094,598.5673217773438
2017-08-13 02:22:02.725,385.53448486328125,255.2198028564453
2017-08-13 02:22:02.768,314.3086853027344,620.1743774414062
2017-08-13 02:22:02.804,315.997802734375,622.3707275390625
2017-08-13 02:22:02.839,394.75390625,627.701416015625
2017-08-13 02:22:02.882,395.0368957519531,627.1223754882812
2017-08-13 02:22:02.915,390.8302001953125,611.11962890625
2017-08-13 02:22:02.949,384.85211181640625,638.115478515625
2017-08-13 02:22:02.993,398.2214050292969,605.660888671875
2017-08-13 02:22:03.027,385.4533996582031,627.72900390625
2017-08-13 02:22:03.063,388.751708984375,634.8018188476562
2017-08-13 02:22:03.097,382.8815002441406,621.3416748046875
2017-08-13 02:22:03.131,453.8682861328125,638.72998046875
2017-08-13 02:22:03.175,462.75518798828125,622.7778930664062
2017-08-13 02:22:03.210,481.8275146484375,615.2949829101562
2017-08-13 02:22:03.244,481.02239990234375,603.7706298828125
2017-08-13 02:22:03.288,461.20318603515625,648.4080200195312
2017-08-13 02:22:03.324,462.6393127441406,625.1812744140625
2017-08-13 02:22:03.358,453.5244140625,616.159423828125
2017-08-13 02:22:03.393,441.89239501953125,606.5280151367188
2017-08-13 02:22:03.438,459.0021057128906,618.6243286132812
2017-08-13 02:22:03.473,451.4494934082031,618.0250854492188
2017-08-13 02:22:03.509,491.4010925292969,600.4368286132812
2017-08-13 02:22:03.544,507.5450134277344,615.5905151367188
2017-08-13 02:22:03.578,505.6781921386719,606.6951293945312
2017-08-13 02:22:03.612,522.7186889648438,637.6857299804688
2017-08-13 02:22:03.656,503.8204040527344,619.5424194335938
2017-08-13 02:22:03.691,510.77679443359375,621.5817260742188
2017-08-13 02:22:03.726,502.72369384765625,613.3690795898438
2017-08-13 02:22:03.770,503.4457092285156,602.1365966796875
2017-08-13 02:22:03.806,500.335205078125,628.7255859375
2017-08-13 02:22:03.841,527.0338745117188,621.7714233398438
2017-08-13 02:22:03.875,584.2938842773438,635.0582275390625
2017-08-13 02:22:03.910,579.2113037109375,622.5153198242188
2017-08-13 02:22:03.955,572.2708740234375,618.55078125
2017-08-13 02:22:03.990,589.0814819335938,629.2921752929688
2017-08-13 02:22:04.024,529.930908203125,609.4671020507812
2017-08-13 02:22:04.058,567.1920166015625,605.2078857421875
2017-08-13 02:22:04.102,562.5841064453125,603.76318359375
2017-08-13 02:22:04.138,572.0125122070312,602.8088989257812
2017-08-13 02:22:04.172,570.5288696289062,586.9799194335938
2017-08-13 02:22:04.207,566.0988159179688,618.61962890625
2017-08-13 02:22:04.252,628.9149169921875,597.2692260742188
2017-08-13 02:22:04.287,619.7515869140625,594.4619140625
2017-08-13 02:22:04.321,634.8225708007812,578.9373168945312
2017-08-13 02:22:04.357,648.727783203125,605.430419921875
2017-08-13 02:22:04.392,643.4716796875,598.7034301757812
2017-08-13 02:22:04.436,631.1177978515625,600.472412109375
2017-08-13 02:22:04.473,637.0640869140625,583.4451904296875
2017-08-13 02:22:04.507,631.6088256835938,580.2069091796875
2017-08-13 02:22:04.542,692.99169921875,555.605712890625
2017-08-13 02:22:04.577,711.1802978515625,560.9310302734375
2017-08-13 02:22:04.621,702.57177734375,573.5767822265625
2017-08-13 02:22:04.657,716.4508056640625,569.7239990234375
2017-08-13 02:22:04.692,713.40478515625,588.8823852539062
2017-08-13 02:22:04.727,732.6453857421875,600.9403076171875
2017-08-13 02:22:04.761,714.613525390625,597.128173828125
2017-08-13 02:22:04.806,725.6688232421875,591.8162231445312
2017-08-13 02:22:04.841,698.6873779296875,572.0654296875
2017-08-13 02:22:04.876,684.6975708007812,585.4849243164062
2017-08-13 02:22:04.911,228.70069885253906,668.8121948242188
2017-08-13 02:22:04.946,137.6387939453125,674.4885864257812
2017-08-13 02:22:04.990,138.8538055419922,659.6256103515625
2017-08-13 02:22:05.026,141.30679321289062,667.559814453125
2017-08-13 02:22:05.061,141.25079345703125,653.4000854492188
2017-08-13 02:22:05.095,153.54649353027344,683.3060302734375
2017-08-13 02:22:05.130,129.97349548339844,663.5155029296875
2017-08-13 02:22:05.173,122.75029754638672,683.19677734375
2017-08-13 02:22:05.206,122.48899841308594,659.0283203125
2017-08-13 02:22:05.242,130.14529418945312,668.8480224609375
2017-08-13 02:22:05.287,132.59080505371094,671.24462890625
2017-08-13 02:22:05.322,109.08180236816406,675.3798828125
2017-08-13 02:22:05.357,188.11219787597656,648.7681274414062
2017-08-13 02:22:05.391,258.1272888183594,640.8084106445312
2017-08-13 02:22:05.436,271.0343017578125,659.7528076171875
2017-08-13 02:22:05.471,264.4538879394531,657.3228759765625
2017-08-13 02:22:05.506,288.5732116699219,642.6132202148438
2017-08-13 02:22:05.541,270.7773132324219,665.8107299804688
2017-08-13 02:22:05.576,277.46490478515625,664.3361206054688
2017-08-13 02:22:05.619,270.84100341796875,653.6749877929688
2017-08-13 02:22:05.654,270.10809326171875,661.4459838867188
2017-08-13 02:22:05.690,269.5884094238281,654.5634155273438
2017-08-13 02:22:05.724,269.5700988769531,656.014892578125
2017-08-13 02:22:05.767,273.23040771484375,663.0919189453125
2017-08-13 02:22:05.802,266.85308837890625,666.4647827148438
2017-08-13 02:22:05.835,334.37188720703125,653.0548706054688
2017-08-13 02:22:05.879,333.8057861328125,658.1514282226562
2017-08-13 02:22:05.912,340.7264099121094,651.9304809570312
2017-08-13 02:22:05.946,354.0177001953125,662.522216796875
2017-08-13 02:22:05.991,349.9668884277344,637.9246826171875
2017-08-13 02:22:06.027,341.1581115722656,658.1340942382812
2017-08-13 02:22:06.061,345.7652893066406,650.8690185546875
2017-08-13 02:22:06.095,360.2489929199219,655.7318725585938
2017-08-13 02:22:06.139,334.76690673828125,649.859375
2017-08-13 02:22:06.174,417.14111328125,661.5288696289062
2017-08-13 02:22:06.208,434.5685119628906,660.6162719726562
2017-08-13 02:22:06.242,441.3616027832031,670.22021484375
2017-08-13 02:22:06.286,440.2654113769531,678.8699951171875
2017-08-13 02:22:06.321,456.83428955078125,663.972900390625
2017-08-13 02:22:06.356,433.41290283203125,666.7451782226562
2017-08-13 02:22:06.391,441.68231201171875,662.67578125
2017-08-13 02:22:06.435,439.0950012207031,674.4854125976562
2017-08-13 02:22:06.470,431.0614929199219,663.54638671875
2017-08-13 02:22:06.505,477.264404296875,670.6304931640625
2017-08-13 02:22:06.541,537.3032836914062,638.1793823242188
2017-08-13 02:22:06.576,557.552978515625,661.8566284179688
2017-08-13 02:22:06.612,559.3588256835938,653.685791015625
2017-08-13 02:22:06.655,555.66650390625,656.2495727539062
2017-08-13 02:22:06.691,547.093017578125,646.9586181640625
2017-08-13 02:22:06.726,558.9130859375,652.4406127929688
2017-08-13 02:22:06.760,545.3905029296875,675.9517822265625
2017-08-13 02:22:06.804,537.211181640625,669.4061889648438
2017-08-13 02:22:06.839,534.2064208984375,640.418212890625
2017-08-13 02:22:06.875,540.6326904296875,661.0108032226562
2017-08-13 02:22:06.910,769.0908813476562,490.8196105957031
2017-08-13 02:22:06.953,1171.22509765625,232.00750732421875
2017-08-13 02:22:06.989,1514.23046875,17.92530059814453
2017-08-13 02:22:07.023,0.0,0.0
2017-08-13 02:22:07.058,1590.256591796875,-30.832799911499023
2017-08-13 02:22:07.092,1588.6676025390625,-2.117300033569336
2017-08-13 02:22:07.136,1574.036376953125,-13.208800315856934
2017-08-13 02:22:07.171,1567.5714111328125,-16.59429931640625
2017-08-13 02:22:07.205,1608.0753173828125,-13.547900199890137
2017-08-13 02:22:07.240,1608.078369140625,-18.24959945678711
2017-08-13 02:22:07.285,1607.103515625,-20.20199966430664
2017-08-13 02:22:07.319,1614.70361328125,-20.82740020751953
2017-08-13 02:22:07.353,1203.9520263671875,121.53790283203125
2017-08-13 02:22:07.398,639.7711791992188,492.9292907714844
2017-08-13 02:22:07.431,523.757080078125,629.2213745117188
2017-08-13 02:22:07.466,552.9412841796875,643.3284301757812
2017-08-13 02:22:07.500,550.2296752929688,653.7412719726562
2017-08-13 02:22:07.545,544.151611328125,634.9564819335938
2017-08-13 02:22:07.579,549.3516235351562,646.1953125
2017-08-13 02:22:07.612,547.1444091796875,656.6580810546875
2017-08-13 02:22:07.656,537.0416259765625,647.734619140625
2017-08-13 02:22:07.690,515.4760131835938,637.7763061523438
2017-08-13 02:22:07.725,523.6431884765625,650.1602783203125
2017-08-13 02:22:07.760,629.6583862304688,634.102783203125
2017-08-13 02:22:07.795,632.653076171875,607.2634887695312
2017-08-13 02:22:07.839,634.4124145507812,633.4682006835938
2017-08-13 02:22:07.875,629.9918823242188,600.0908813476562
2017-08-13 02:22:07.910,635.9575805664062,624.7531127929688
2017-08-13 02:22:07.944,644.0369873046875,642.9818115234375
2017-08-13 02:22:07.989,689.5120239257812,648.038330078125
2017-08-13 02:22:08.024,669.6450805664062,590.3746948242188
2017-08-13 02:22:08.059,680.6511840820312,618.5969848632812
2017-08-13 02:22:08.093,665.5836181640625,639.724609375
2017-08-13 02:22:08.137,657.8823852539062,619.9346923828125
2017-08-13 02:22:08.173,360.64581298828125,678.5203247070312
2017-08-13 02:22:08.208,143.5417938232422,705.010009765625
2017-08-13 02:22:08.243,132.1656951904297,729.911376953125
2017-08-13 02:22:08.277,143.81170654296875,713.4180908203125
2017-08-13 02:22:08.321,133.27169799804688,721.3779296875
2017-08-13 02:22:08.356,151.51409912109375,724.9044189453125
2017-08-13 02:22:08.391,137.08729553222656,703.609375
2017-08-13 02:22:08.427,132.25050354003906,723.3748779296875
2017-08-13 02:22:08.461,130.29420471191406,704.9345703125
2017-08-13 02:22:08.506,128.62460327148438,704.42822265625
2017-08-13 02:22:08.541,141.25100708007812,706.892822265625
2017-08-13 02:22:08.576,130.1678924560547,705.8590087890625
2017-08-13 02:22:08.610,263.6935119628906,692.9038696289062
2017-08-13 02:22:08.655,272.8807067871094,705.3250732421875
2017-08-13 02:22:08.690,270.3446960449219,700.4652099609375
2017-08-13 02:22:08.725,279.3005065917969,695.6895141601562
2017-08-13 02:22:08.760,267.3091125488281,702.2421264648438
2017-08-13 02:22:08.794,283.95098876953125,706.4965209960938
2017-08-13 02:22:08.839,269.2112121582031,705.7141723632812
2017-08-13 02:22:08.875,347.38861083984375,708.2531127929688
2017-08-13 02:22:08.909,364.31890869140625,699.841796875
2017-08-13 02:22:08.944,348.4208984375,701.581787109375
2017-08-13 02:22:08.989,358.70111083984375,707.4918212890625
2017-08-13 02:22:09.024,344.4132995605469,697.7122192382812
2017-08-13 02:22:09.060,364.09588623046875,708.6356201171875
2017-08-13 02:22:09.094,356.0364074707031,700.5283203125
2017-08-13 02:22:09.129,351.4147033691406,691.159423828125
2017-08-13 02:22:09.173,344.7080078125,690.9132080078125
2017-08-13 02:22:09.207,362.2875061035156,723.25439453125
2017-08-13 02:22:09.242,345.4761047363281,694.8690795898438
2017-08-13 02:22:09.277,466.44189453125,694.9346923828125
2017-08-13 02:22:09.321,485.0091857910156,677.7780151367188
2017-08-13 02:22:09.357,498.81060791015625,704.0040283203125
2017-08-13 02:22:09.392,486.1054992675781,680.8322143554688
2017-08-13 02:22:09.426,500.5080871582031,709.432373046875
2017-08-13 02:22:09.461,492.619384765625,693.774169921875
2017-08-13 02:22:09.505,494.60870361328125,697.98828125
2017-08-13 02:22:09.539,496.8030090332031,700.2510986328125
2017-08-13 02:22:09.574,493.3601989746094,707.1890258789062
2017-08-13 02:22:09.609,579.0996704101562,693.1602172851562
2017-08-13 02:22:09.654,578.4677124023438,686.5645751953125
2017-08-13 02:22:09.690,593.3720703125,682.6646728515625
2017-08-13 02:22:09.724,582.6826171875,671.1079711914062
2017-08-13 02:22:09.758,571.4425048828125,689.9152221679688
2017-08-13 02:22:09.803,573.03857421875,688.0828857421875
2017-08-13 02:22:09.838,576.8673095703125,688.6873779296875
2017-08-13 02:22:09.874,577.8654174804688,674.7609252929688
2017-08-13 02:22:09.909,646.5540771484375,679.4937744140625
2017-08-13 02:22:09.943,676.9295043945312,658.2836303710938
2017-08-13 02:22:09.987,653.54931640625,659.2719116210938
2017-08-13 02:22:10.023,649.3878784179688,669.31640625
2017-08-13 02:22:10.058,644.573486328125,661.8621215820312
2017-08-13 02:22:10.093,661.91162109375,662.0667114257812
2017-08-13 02:22:10.128,652.2362060546875,678.6909790039062
2017-08-13 02:22:10.173,712.8184204101562,652.4005737304688
2017-08-13 02:22:10.208,711.7935180664062,644.8314208984375
2017-08-13 02:22:10.243,730.2479858398438,679.1403198242188
2017-08-13 02:22:10.278,713.619384765625,661.10888671875
2017-08-13 02:22:10.312,713.6510009765625,660.8408203125
2017-08-13 02:22:10.356,754.7802734375,641.9409790039062
2017-08-13 02:22:10.391,761.4959716796875,660.1724853515625
2017-08-13 02:22:10.426,763.6151733398438,632.742919921875
2017-08-13 02:22:10.460,795.87890625,657.85888671875
2017-08-13 02:22:10.504,782.0374755859375,654.25537109375
2017-08-13 02:22:10.540,514.264892578125,702.8593139648438
2017-08-13 02:22:10.575,137.0290985107422,738.9694213867188
2017-08-13 02:22:10.610,149.6697998046875,734.4014282226562
2017-08-13 02:22:10.644,161.13429260253906,750.3233032226562
2017-08-13 02:22:10.689,143.47959899902344,739.6113891601562
2017-08-13 02:22:10.723,150.4864959716797,764.8281860351562
2017-08-13 02:22:10.758,146.25599670410156,744.52197265625
2017-08-13 02:22:10.793,143.63870239257812,740.3621215820312
2017-08-13 02:22:10.837,132.34939575195312,752.1790771484375
2017-08-13 02:22:10.872,101.21600341796875,746.489990234375
2017-08-13 02:22:10.908,104.0239028930664,743.3258056640625
2017-08-13 02:22:10.942,108.44319915771484,755.00830078125
2017-08-13 02:22:10.986,100.69329833984375,754.1719970703125
2017-08-13 02:22:11.021,103.22630310058594,748.6268920898438
2017-08-13 02:22:11.057,105.69219970703125,751.8695068359375
2017-08-13 02:22:11.091,103.54029846191406,744.033203125
2017-08-13 02:22:11.135,98.32559967041016,751.9199829101562
2017-08-13 02:22:11.170,100.77159881591797,763.547607421875
2017-08-13 02:22:11.206,95.5884017944336,769.194580078125
2017-08-13 02:22:11.240,91.25460052490234,742.198486328125
2017-08-13 02:22:11.276,92.34190368652344,752.1796875
2017-08-13 02:22:11.320,97.18119812011719,757.897705078125
2017-08-13 02:22:11.354,87.80120086669922,748.6743774414062
2017-08-13 02:22:11.389,91.0824966430664,760.6215209960938
2017-08-13 02:22:11.424,104.06189727783203,774.7572021484375
2017-08-13 02:22:11.459,92.44889831542969,744.4896850585938
2017-08-13 02:22:11.503,89.8313980102539,766.3989868164062
2017-08-13 02:22:11.538,85.62940216064453,744.1038208007812
2017-08-13 02:22:11.573,88.99810028076172,753.205810546875
2017-08-13 02:22:11.616,89.38079833984375,746.0452880859375
2017-08-13 02:22:11.650,87.06199645996094,773.2000732421875
2017-08-13 02:22:11.684,95.12039947509766,768.7772827148438
2017-08-13 02:22:11.719,93.36170196533203,774.2501831054688
2017-08-13 02:22:11.764,89.3563003540039,749.0496826171875
2017-08-13 02:22:11.799,92.9625015258789,767.209716796875
2017-08-13 02:22:11.832,408.5150146484375,701.421875
2017-08-13 02:22:11.866,677.1292114257812,652.2747802734375
2017-08-13 02:22:11.910,701.8853149414062,677.290283203125
2017-08-13 02:22:11.945,706.6030883789062,691.23779296875
2017-08-13 02:22:11.979,697.0452270507812,674.0885009765625
2017-08-13 02:22:12.024,721.9277954101562,683.8032836914062
2017-08-13 02:22:12.059,690.1029052734375,674.5402221679688
2017-08-13 02:22:12.093,710.573486328125,685.164306640625
2017-08-13 02:22:12.127,716.0385131835938,678.3551025390625
2017-08-13 02:22:12.171,732.2686157226562,678.2122802734375
2017-08-13 02:22:12.206,746.2509155273438,693.4022827148438
2017-08-13 02:22:12.240,772.7827758789062,654.1375732421875
2017-08-13 02:22:12.275,747.5855712890625,644.2197265625
2017-08-13 02:22:12.319,752.7343139648438,634.9501953125
2017-08-13 02:22:12.355,750.95361328125,645.290771484375
2017-08-13 02:22:12.391,751.7432250976562,653.9174194335938
2017-08-13 02:22:12.426,761.6676025390625,652.4600830078125
2017-08-13 02:22:12.460,767.578125,660.3685913085938
2017-08-13 02:22:12.505,740.5778198242188,644.4213256835938
2017-08-13 02:22:12.539,763.2882080078125,653.011474609375
2017-08-13 02:22:12.574,741.5307006835938,638.036376953125
2017-08-13 02:22:12.609,765.4921875,657.043212890625
2017-08-13 02:22:12.652,744.7415771484375,656.96240234375
2017-08-13 02:22:12.686,743.8927001953125,635.1339111328125
2017-08-13 02:22:12.721,748.9136962890625,645.3488159179688
2017-08-13 02:22:12.756,758.1063842773438,673.5269775390625
2017-08-13 02:22:12.801,759.4545288085938,649.9495239257812
2017-08-13 02:22:12.834,757.415283203125,683.3491821289062
2017-08-13 02:22:12.870,765.6187133789062,678.3054809570312
2017-08-13 02:22:12.905,755.5725708007812,651.7410888671875
2017-08-13 02:22:12.940,762.078125,661.8671264648438
2017-08-13 02:22:12.985,755.6597900390625,663.8842163085938
2017-08-13 02:22:13.019,761.4663696289062,668.3989868164062
2017-08-13 02:22:13.055,755.2429809570312,662.886474609375
2017-08-13 02:22:13.089,356.1803894042969,708.9010009765625
2017-08-13 02:22:13.135,104.90779876708984,722.3643798828125
2017-08-13 02:22:13.169,103.36289978027344,730.3430786132812
2017-08-13 02:22:13.204,95.2844009399414,745.9998779296875
2017-08-13 02:22:13.239,99.18589782714844,744.4517211914062
2017-08-13 02:22:13.283,119.8136978149414,728.7329711914062
2017-08-13 02:22:13.317,101.77899932861328,725.5031127929688
2017-08-13 02:22:13.352,95.77339935302734,764.107177734375
2017-08-13 02:22:13.387,98.69120025634766,747.597900390625
2017-08-13 02:22:13.432,104.06629943847656,737.2943115234375
2017-08-13 02:22:13.467,96.34439849853516,744.6112060546875
2017-08-13 02:22:13.501,101.48580169677734,736.9462890625
2017-08-13 02:22:13.535,96.30740356445312,742.6660766601562
2017-08-13 02:22:13.570,96.99690246582031,727.27587890625
2017-08-13 02:22:13.616,84.4928970336914,754.0938110351562
2017-08-13 02:22:13.650,93.22380065917969,733.2880249023438
2017-08-13 02:22:13.684,138.08900451660156,744.62451171875
2017-08-13 02:22:13.718,159.00860595703125,726.1409912109375
2017-08-13 02:22:13.762,144.96609497070312,754.2880249023438
2017-08-13 02:22:13.797,161.22079467773438,750.947021484375
2017-08-13 02:22:13.830,150.1313934326172,756.6024169921875
2017-08-13 02:22:13.874,144.5345001220703,740.3046264648438
2017-08-13 02:22:13.908,213.7270965576172,730.451171875
2017-08-13 02:22:13.943,213.6262969970703,733.9705200195312
2017-08-13 02:22:13.976,220.0272979736328,732.17626953125
2017-08-13 02:22:14.020,209.86740112304688,744.42138671875
2017-08-13 02:22:14.055,208.3007049560547,733.530029296875
2017-08-13 02:22:14.090,252.76890563964844,732.1608276367188
2017-08-13 02:22:14.124,266.5523986816406,729.3397827148438
2017-08-13 02:22:14.169,259.0987854003906,750.2974243164062
2017-08-13 02:22:14.204,259.0003967285156,743.1879272460938
2017-08-13 02:22:14.240,267.26568603515625,736.3599853515625
2017-08-13 02:22:14.274,268.9206848144531,744.43798828125
2017-08-13 02:22:14.318,349.7867126464844,738.1456298828125
2017-08-13 02:22:14.353,378.23291015625,716.9238891601562
2017-08-13 02:22:14.388,386.0921936035156,728.9005737304688
2017-08-13 02:22:14.424,367.4729919433594,718.2186889648438
2017-08-13 02:22:14.459,372.35919189453125,722.6851806640625
2017-08-13 02:22:14.503,365.41558837890625,732.8472290039062
2017-08-13 02:22:14.539,383.0293884277344,714.5429077148438
2017-08-13 02:22:14.574,362.3758850097656,718.3756713867188
2017-08-13 02:22:14.609,363.2586975097656,706.8018798828125
2017-08-13 02:22:14.643,356.712890625,712.7664794921875
2017-08-13 02:22:14.687,434.9908142089844,727.8530883789062
2017-08-13 02:22:14.723,468.552001953125,700.8408813476562
2017-08-13 02:22:14.759,478.8277893066406,721.2457275390625
2017-08-13 02:22:14.793,458.39520263671875,707.7943725585938
2017-08-13 02:22:14.836,457.4469909667969,717.4500122070312
2017-08-13 02:22:14.872,455.6922912597656,728.3035888671875
2017-08-13 02:22:14.907,463.7850036621094,731.0150756835938
2017-08-13 02:22:14.940,454.7558898925781,723.0347290039062
2017-08-13 02:22:14.976,454.8735046386719,734.7797241210938
2017-08-13 02:22:15.022,467.968994140625,727.9218139648438
2017-08-13 02:22:15.056,465.1995849609375,724.314208984375
2017-08-13 02:22:15.091,461.4112854003906,723.3629760742188
2017-08-13 02:22:15.125,449.5592041015625,730.2816772460938
2017-08-13 02:22:15.169,465.84521484375,736.5723876953125
2017-08-13 02:22:15.204,553.6182250976562,721.2626953125
2017-08-13 02:22:15.239,570.144775390625,714.7031860351562
2017-08-13 02:22:15.272,570.21728515625,722.0347290039062
2017-08-13 02:22:15.316,564.643798828125,717.9774169921875
2017-08-13 02:22:15.350,567.434326171875,705.2174072265625
2017-08-13 02:22:15.383,563.565673828125,719.3364868164062
2017-08-13 02:22:15.427,607.1174926757812,729.1776733398438
2017-08-13 02:22:15.460,625.102783203125,676.64599609375
2017-08-13 02:22:15.495,621.2683715820312,718.8009033203125
2017-08-13 02:22:15.540,625.0858764648438,699.7996215820312
2017-08-13 02:22:15.574,629.623291015625,701.83349609375
2017-08-13 02:22:15.608,618.1190795898438,685.7119750976562
2017-08-13 02:22:15.643,615.7484741210938,712.9221801757812
2017-08-13 02:22:15.677,615.455322265625,724.2974243164062
2017-08-13 02:22:15.722,619.8853759765625,712.7078857421875
2017-08-13 02:22:15.757,677.1334228515625,680.1862182617188
2017-08-13 02:22:15.791,696.3856811523438,669.959228515625
2017-08-13 02:22:15.826,700.773681640625,675.7545776367188
2017-08-13 02:22:15.871,687.9478759765625,668.9210205078125
2017-08-13 02:22:15.906,703.8665161132812,680.5808715820312
2017-08-13 02:22:15.940,692.4788818359375,667.4044189453125
2017-08-13 02:22:15.976,693.2750854492188,672.151123046875
2017-08-13 02:22:16.011,695.7764282226562,665.692626953125
2017-08-13 02:22:16.056,712.7365112304688,686.9874877929688
2017-08-13 02:22:16.090,692.2891845703125,688.8237915039062
2017-08-13 02:22:16.126,681.7750244140625,654.8214721679688
2017-08-13 02:22:16.160,680.4583740234375,682.888427734375
2017-08-13 02:22:16.205,628.3427734375,705.6162109375
2017-08-13 02:22:16.240,155.96380615234375,787.2490844726562
2017-08-13 02:22:16.275,101.5259017944336,790.4096069335938
2017-08-13 02:22:16.310,92.2739028930664,783.5637817382812
2017-08-13 02:22:16.344,88.91449737548828,793.2445068359375
2017-08-13 02:22:16.387,73.8031997680664,784.51123046875
2017-08-13 02:22:16.424,112.80079650878906,776.71728515625
2017-08-13 02:22:16.459,92.36270141601562,772.409912109375
2017-08-13 02:22:16.493,99.96839904785156,781.3544921875
2017-08-13 02:22:16.537,177.4541015625,769.2349243164062
2017-08-13 02:22:16.573,171.90780639648438,787.6384887695312
2017-08-13 02:22:16.607,171.2086944580078,772.5098266601562
2017-08-13 02:22:16.642,163.44110107421875,799.8461303710938
2017-08-13 02:22:16.685,180.88009643554688,777.202880859375
2017-08-13 02:22:16.719,197.39959716796875,781.3167114257812
2017-08-13 02:22:16.754,317.07159423828125,766.97607421875
2017-08-13 02:22:16.789,317.18011474609375,763.6705932617188
2017-08-13 02:22:16.833,313.46649169921875,754.411376953125
2017-08-13 02:22:16.868,314.610595703125,774.1798095703125
2017-08-13 02:22:16.904,305.8479919433594,771.715576171875
2017-08-13 02:22:16.940,314.273193359375,770.0527954101562
2017-08-13 02:22:16.975,415.52520751953125,760.0344848632812
2017-08-13 02:22:17.019,484.4798889160156,747.27001953125
2017-08-13 02:22:17.055,473.3035888671875,740.056884765625
2017-08-13 02:22:17.090,491.4411926269531,767.7310791015625
2017-08-13 02:22:17.125,470.4002990722656,773.697998046875
2017-08-13 02:22:17.160,474.77520751953125,763.0944213867188
2017-08-13 02:22:17.204,479.91790771484375,771.4793701171875
2017-08-13 02:22:17.239,467.3771057128906,766.5994262695312
2017-08-13 02:22:17.273,587.8458251953125,747.4835815429688
2017-08-13 02:22:17.309,599.1248779296875,765.8115844726562
2017-08-13 02:22:17.353,615.8652954101562,754.5161743164062
2017-08-13 02:22:17.389,599.28369140625,762.9799194335938
2017-08-13 02:22:17.423,588.7626953125,755.8118286132812
2017-08-13 02:22:17.458,599.5316772460938,739.263427734375
2017-08-13 02:22:17.493,658.3843994140625,727.8267822265625
2017-08-13 02:22:17.536,699.6641845703125,729.5916137695312
2017-08-13 02:22:17.572,695.9595947265625,732.67626953125
2017-08-13 02:22:17.607,702.2437744140625,712.5999145507812
2017-08-13 02:22:17.641,701.8956298828125,732.0025024414062
2017-08-13 02:22:17.685,733.3331298828125,751.0673217773438
2017-08-13 02:22:17.720,484.24609375,777.924072265625
2017-08-13 02:22:17.755,100.27519989013672,808.6149291992188
2017-08-13 02:22:17.789,97.99140167236328,805.4498291015625
2017-08-13 02:22:17.832,106.0166015625,807.1815185546875
2017-08-13 02:22:17.866,101.2217025756836,817.322509765625
2017-08-13 02:22:17.900,111.82170104980469,840.6588745117188
2017-08-13 02:22:17.945,102.3656005859375,816.0872192382812
2017-08-13 02:22:17.979,108.2323989868164,808.921875
2017-08-13 02:22:18.013,105.3468017578125,830.4968872070312
2017-08-13 02:22:18.056,107.84529876708984,828.943603515625
2017-08-13 02:22:18.091,188.74200439453125,816.01611328125
2017-08-13 02:22:18.124,186.22219848632812,825.37841796875
2017-08-13 02:22:18.159,190.5709991455078,824.1917114257812
2017-08-13 02:22:18.203,200.12269592285156,837.1885986328125
2017-08-13 02:22:18.238,195.70950317382812,832.8759155273438
2017-08-13 02:22:18.272,298.95361328125,819.9816284179688
2017-08-13 02:22:18.308,323.4502868652344,826.4771728515625
2017-08-13 02:22:18.352,319.72100830078125,824.8682861328125
2017-08-13 02:22:18.388,326.99859619140625,831.0642700195312
2017-08-13 02:22:18.424,321.18011474609375,821.81591796875
2017-08-13 02:22:18.459,300.71051025390625,822.6829833984375
2017-08-13 02:22:18.493,364.6474914550781,826.5427856445312
2017-08-13 02:22:18.538,463.4425048828125,822.18408203125
2017-08-13 02:22:18.573,446.5079040527344,806.0831298828125
2017-08-13 02:22:18.608,442.3638916015625,817.4417724609375
2017-08-13 02:22:18.643,447.4565124511719,813.318115234375
2017-08-13 02:22:18.676,453.22918701171875,823.8756103515625
2017-08-13 02:22:18.720,444.3492126464844,817.8225708007812
2017-08-13 02:22:18.755,450.3287048339844,813.1466064453125
2017-08-13 02:22:18.789,445.8844909667969,818.7692260742188
2017-08-13 02:22:18.834,455.6936950683594,921.6798095703125
2017-08-13 02:22:18.870,0.0,0.0
2017-08-13 02:22:18.903,0.0,0.0
2017-08-13 02:22:18.937,0.0,0.0
2017-08-13 02:22:18.980,266.5270080566406,902.7006225585938
2017-08-13 02:22:19.014,510.3909912109375,724.5963745117188
2017-08-13 02:22:19.049,549.1688842773438,651.255126953125
2017-08-13 02:22:19.082,514.8009033203125,750.9473876953125
2017-08-13 02:22:19.127,510.7348937988281,686.742919921875
2017-08-13 02:22:19.161,583.2034912109375,796.769775390625
2017-08-13 02:22:19.195,590.4019165039062,811.1439819335938
2017-08-13 02:22:19.239,606.06298828125,810.501220703125
2017-08-13 02:22:19.275,590.3428955078125,816.31689453125
2017-08-13 02:22:19.310,570.8859252929688,817.613525390625
2017-08-13 02:22:19.343,650.7012939453125,823.2614135742188
2017-08-13 02:22:19.388,631.0236206054688,785.4940795898438
2017-08-13 02:22:19.424,632.3187866210938,801.0615234375
2017-08-13 02:22:19.459,641.7827758789062,791.81640625
2017-08-13 02:22:19.493,637.489501953125,808.1124877929688
2017-08-13 02:22:19.527,642.0999145507812,804.256103515625
2017-08-13 02:22:19.571,730.4613037109375,800.8660888671875
2017-08-13 02:22:19.605,720.706298828125,795.8712768554688
2017-08-13 02:22:19.640,732.0789184570312,816.3493041992188
2017-08-13 02:22:19.685,275.0787048339844,822.6818237304688
2017-08-13 02:22:19.720,132.29299926757812,838.8380737304688
2017-08-13 02:22:19.756,115.51129913330078,843.8524169921875
2017-08-13 02:22:19.791,122.2770004272461,855.6765747070312
2017-08-13 02:22:19.825,119.26640319824219,856.6041259765625
2017-08-13 02:22:19.870,123.99659729003906,842.9445190429688
2017-08-13 02:22:19.905,112.35070037841797,852.5855712890625
2017-08-13 02:22:19.940,99.28820037841797,851.8618774414062
2017-08-13 02:22:19.974,73.45459747314453,862.908203125
2017-08-13 02:22:20.009,0.0,0.0
2017-08-13 02:22:20.052,78.72229766845703,850.4683227539062
2017-08-13 02:22:20.088,59.39789962768555,854.8474731445312
2017-08-13 02:22:20.123,83.5656967163086,854.8468017578125
2017-08-13 02:22:20.158,68.33540344238281,868.8220825195312
2017-08-13 02:22:20.203,61.597999572753906,863.34521484375
2017-08-13 02:22:20.238,75.38079833984375,868.9437255859375
2017-08-13 02:22:20.273,75.67849731445312,875.5280151367188
2017-08-13 02:22:20.307,87.56220245361328,853.5394287109375
2017-08-13 02:22:20.350,155.20899963378906,861.3527221679688
2017-08-13 02:22:20.386,164.45680236816406,878.4705810546875
2017-08-13 02:22:20.421,163.3448944091797,862.6080932617188
2017-08-13 02:22:20.455,170.3594970703125,859.6995239257812
2017-08-13 02:22:20.499,174.9438018798828,846.013916015625
2017-08-13 02:22:20.532,162.07589721679688,865.2376708984375
2017-08-13 02:22:20.566,161.24349975585938,873.776123046875
2017-08-13 02:22:20.600,225.6280059814453,854.4420776367188
2017-08-13 02:22:20.645,256.39599609375,876.033203125
2017-08-13 02:22:20.679,233.9268035888672,866.2034912109375
2017-08-13 02:22:20.713,236.67579650878906,860.8870239257812
2017-08-13 02:22:20.758,228.31019592285156,854.4567260742188
2017-08-13 02:22:20.793,227.95579528808594,865.8181762695312
2017-08-13 02:22:20.826,240.42489624023438,878.31787109375
2017-08-13 02:22:20.860,167.33470153808594,865.9553833007812
2017-08-13 02:22:20.906,186.1844940185547,863.7971801757812
2017-08-13 02:22:20.941,195.9123992919922,873.0667724609375
2017-08-13 02:22:20.974,181.86500549316406,863.7542114257812
2017-08-13 02:22:21.009,183.2801971435547,871.5272216796875
2017-08-13 02:22:21.053,102.947998046875,863.2479248046875
2017-08-13 02:22:21.088,82.4657974243164,867.8062744140625
2017-08-13 02:22:21.123,86.83650207519531,876.0791015625
2017-08-13 02:22:21.159,87.87539672851562,886.0098876953125
2017-08-13 02:22:21.193,101.61309814453125,884.1190185546875
2017-08-13 02:22:21.237,84.41690063476562,880.7462158203125
2017-08-13 02:22:21.272,79.90540313720703,871.29638671875
2017-08-13 02:22:21.305,84.8051986694336,879.2756958007812
2017-08-13 02:22:21.349,88.71420288085938,881.2761840820312
2017-08-13 02:22:21.383,-45.817501068115234,1195.110107421875
2017-08-13 02:22:21.417,-162.9958953857422,-790.1339721679688
2017-08-13 02:22:21.462,-117.66390228271484,1137.451416015625
2017-08-13 02:22:21.496,-45.857200622558594,897.8619995117188
2017-08-13 02:22:21.530,-16.483400344848633,824.58837890625
2017-08-13 02:22:21.563,-176.47129821777344,746.4180297851562
2017-08-13 02:22:21.607,-225.40919494628906,785.4879760742188
2017-08-13 02:22:21.640,38.43220138549805,757.6812133789062
2017-08-13 02:22:21.676,74.89600372314453,784.4091796875
2017-08-13 02:22:21.721,69.28309631347656,658.3563842773438
2017-08-13 02:22:21.756,-23.01300048828125,836.548095703125
2017-08-13 02:22:21.789,80.08650207519531,815.9285278320312
2017-08-13 02:22:21.823,159.58880615234375,841.2462158203125
2017-08-13 02:22:21.867,159.26589965820312,833.2954711914062
2017-08-13 02:22:21.902,174.13389587402344,855.0302124023438
2017-08-13 02:22:21.938,176.24009704589844,867.2415771484375
2017-08-13 02:22:21.973,170.53700256347656,866.8895263671875
2017-08-13 02:22:22.017,133.99319458007812,871.6885986328125
2017-08-13 02:22:22.051,103.31099700927734,848.39990234375
2017-08-13 02:22:22.085,119.89620208740234,855.3140258789062
2017-08-13 02:22:22.120,111.98100280761719,845.17529296875
2017-08-13 02:22:22.156,121.08830261230469,870.2698974609375
2017-08-13 02:22:22.201,138.13760375976562,852.29248046875
2017-08-13 02:22:22.234,266.0710144042969,848.0253295898438
2017-08-13 02:22:22.268,269.08441162109375,843.6057739257812
2017-08-13 02:22:22.312,279.214111328125,862.3563842773438
2017-08-13 02:22:22.345,263.5914001464844,862.451171875
2017-08-13 02:22:22.379,271.7290954589844,851.6011962890625
2017-08-13 02:22:22.414,262.17449951171875,865.1456909179688
2017-08-13 02:22:22.459,262.0918884277344,849.5784301757812
2017-08-13 02:22:22.493,262.4447937011719,848.8881225585938
2017-08-13 02:22:22.528,308.5815124511719,846.876220703125
2017-08-13 02:22:22.562,295.1612854003906,840.17431640625
2017-08-13 02:22:22.606,292.17388916015625,845.688720703125
2017-08-13 02:22:22.640,291.19329833984375,855.7081298828125
2017-08-13 02:22:22.675,295.2029113769531,854.2476196289062
2017-08-13 02:22:22.719,285.3796081542969,853.0460815429688
2017-08-13 02:22:22.755,345.31561279296875,844.959716796875
2017-08-13 02:22:22.790,397.13330078125,856.9149780273438
2017-08-13 02:22:22.825,410.36279296875,856.7988891601562
2017-08-13 02:22:22.858,423.96160888671875,866.1624145507812
2017-08-13 02:22:22.902,397.7206115722656,854.7958984375
2017-08-13 02:22:22.937,417.58160400390625,863.49951171875
2017-08-13 02:22:22.973,395.4805908203125,839.6389770507812
2017-08-13 02:22:23.008,396.340087890625,869.4094848632812
2017-08-13 02:22:23.053,404.02130126953125,850.3679809570312
2017-08-13 02:22:23.089,452.56298828125,861.1729736328125
2017-08-13 02:22:23.124,471.2265930175781,871.900390625
2017-08-13 02:22:23.158,472.0798034667969,856.8485717773438
2017-08-13 02:22:23.193,470.4305114746094,863.7202758789062
2017-08-13 02:22:23.237,461.89471435546875,852.6378173828125
2017-08-13 02:22:23.271,471.443115234375,862.8975830078125
2017-08-13 02:22:23.306,466.7085876464844,863.2650756835938
2017-08-13 02:22:23.341,552.853271484375,847.8145141601562
2017-08-13 02:22:23.386,567.6367797851562,824.0866088867188
2017-08-13 02:22:23.421,574.0642700195312,860.2673950195312
2017-08-13 02:22:23.456,569.3599853515625,853.3128051757812
2017-08-13 02:22:23.490,558.9149780273438,829.4107055664062
2017-08-13 02:22:23.525,543.2244873046875,782.9193725585938
2017-08-13 02:22:23.569,302.7522888183594,1201.41015625
2017-08-13 02:22:23.602,0.0,0.0
2017-08-13 02:22:23.637,0.0,0.0
2017-08-13 02:22:23.681,0.0,0.0
2017-08-13 02:22:23.715,0.0,0.0
2017-08-13 02:22:23.749,836.3170776367188,581.6157836914062
2017-08-13 02:22:23.784,692.8314208984375,629.7484741210938
2017-08-13 02:22:23.829,715.4108276367188,457.0929870605469
2017-08-13 02:22:23.863,647.3192749023438,606.955322265625
2017-08-13 02:22:23.897,715.5510864257812,697.1807861328125
2017-08-13 02:22:23.941,702.30908203125,738.4373779296875
2017-08-13 02:22:23.976,263.09979248046875,737.8167724609375
2017-08-13 02:22:24.009,29.51449966430664,859.4265747070312
2017-08-13 02:22:24.044,31.991300582885742,887.3834838867188
2017-08-13 02:22:24.088,25.846099853515625,888.3668823242188
2017-08-13 02:22:24.122,2.6140999794006348,887.8367919921875
2017-08-13 02:22:24.157,5.723400115966797,892.4364013671875
2017-08-13 02:22:24.192,35.221500396728516,905.9412231445312
2017-08-13 02:22:24.237,39.20949935913086,911.6766967773438
2017-08-13 02:22:24.271,147.39219665527344,899.1569213867188
2017-08-13 02:22:24.307,144.51559448242188,897.2562866210938
2017-08-13 02:22:24.340,169.8415985107422,899.430908203125
2017-08-13 02:22:24.385,148.06410217285156,910.7576904296875
2017-08-13 02:22:24.421,129.99819946289062,907.3406982421875
2017-08-13 02:22:24.455,131.96290588378906,907.2520751953125
2017-08-13 02:22:24.490,140.94509887695312,895.9694213867188
2017-08-13 02:22:24.525,186.31480407714844,899.2841796875
2017-08-13 02:22:24.569,189.77529907226562,897.9578857421875
2017-08-13 02:22:24.604,196.35690307617188,914.1470947265625
2017-08-13 02:22:24.639,215.47239685058594,907.5037231445312
2017-08-13 02:22:24.673,287.10369873046875,912.0731811523438
2017-08-13 02:22:24.718,327.2818908691406,900.4719848632812
2017-08-13 02:22:24.752,327.92169189453125,888.1375122070312
2017-08-13 02:22:24.786,313.9270935058594,897.5244140625
2017-08-13 02:22:24.822,320.42401123046875,910.952392578125
2017-08-13 02:22:24.867,326.3902893066406,914.0587768554688
2017-08-13 02:22:24.901,415.73699951171875,913.915771484375
2017-08-13 02:22:24.935,430.1973876953125,891.4102783203125
2017-08-13 02:22:24.969,432.99798583984375,899.3721923828125
2017-08-13 02:22:25.014,429.2120056152344,900.4744873046875
2017-08-13 02:22:25.047,434.5643005371094,887.3411254882812
2017-08-13 02:22:25.082,433.34979248046875,894.0269165039062
2017-08-13 02:22:25.126,471.9507141113281,904.9727783203125
2017-08-13 02:22:25.160,519.580078125,912.7941284179688
2017-08-13 02:22:25.195,516.7232055664062,896.7338256835938
2017-08-13 02:22:25.228,539.059326171875,900.9946899414062
2017-08-13 02:22:25.272,531.380615234375,900.219482421875
2017-08-13 02:22:25.308,532.4973754882812,895.1151733398438
2017-08-13 02:22:25.342,527.3814697265625,890.7034912109375
2017-08-13 02:22:25.377,514.4979858398438,892.006591796875
2017-08-13 02:22:25.421,631.260986328125,888.6475830078125
2017-08-13 02:22:25.456,632.0955200195312,901.348876953125
2017-08-13 02:22:25.490,621.0894165039062,893.4614868164062
2017-08-13 02:22:25.525,623.76171875,904.8201904296875
2017-08-13 02:22:25.569,626.8283081054688,893.7252197265625
2017-08-13 02:22:25.604,617.1903076171875,900.3560791015625
2017-08-13 02:22:25.640,702.10009765625,908.847900390625
2017-08-13 02:22:25.674,700.7188110351562,903.4556884765625
2017-08-13 02:22:25.708,722.9384155273438,890.421875
2017-08-13 02:22:25.754,714.4373779296875,898.1992797851562
2017-08-13 02:22:25.790,711.63818359375,915.3485717773438
2017-08-13 02:22:25.825,697.2656860351562,915.7083740234375
2017-08-13 02:22:25.859,684.9484252929688,781.4796752929688
2017-08-13 02:22:25.894,0.0,0.0
2017-08-13 02:22:25.939,0.0,0.0
2017-08-13 02:22:25.973,0.0,0.0
2017-08-13 02:22:26.008,0.0,0.0
2017-08-13 02:22:26.042,0.0,0.0
2017-08-13 02:22:26.085,0.0,0.0
2017-08-13 02:22:26.119,11.307900428771973,974.7346801757812
2017-08-13 02:22:26.153,52.043800354003906,860.1453857421875
2017-08-13 02:22:26.198,83.77909851074219,812.224609375
2017-08-13 02:22:26.232,167.06320190429688,733.644775390625
2017-08-13 02:22:26.268,83.61389923095703,880.9224243164062
2017-08-13 02:22:26.302,137.0821075439453,847.8978271484375
2017-08-13 02:22:26.346,127.91470336914062,755.1865844726562
2017-08-13 02:22:26.379,143.46629333496094,758.9105224609375
2017-08-13 02:22:26.412,4.527100086212158,882.2802124023438
2017-08-13 02:22:26.456,-4.498600006103516,912.9312133789062
2017-08-13 02:22:26.490,10.627099990844727,895.8021240234375
2017-08-13 02:22:26.524,-14.79889965057373,917.5808715820312
2017-08-13 02:22:26.559,66.20870208740234,955.55029296875
2017-08-13 02:22:26.604,54.66999816894531,953.4649047851562
2017-08-13 02:22:26.638,56.41699981689453,969.9688720703125
2017-08-13 02:22:26.674,59.46979904174805,961.20849609375
2017-08-13 02:22:26.709,59.479698181152344,955.55517578125
2017-08-13 02:22:26.753,42.43280029296875,950.1837768554688
2017-08-13 02:22:26.788,52.086299896240234,958.8590698242188
2017-08-13 02:22:26.823,33.475799560546875,954.0405883789062
2017-08-13 02:22:26.857,48.11399841308594,948.49609375
2017-08-13 02:22:26.901,44.14690017700195,950.3676147460938
2017-08-13 02:22:26.937,45.42470169067383,946.2631225585938
2017-08-13 02:22:26.973,38.011600494384766,947.4926147460938
2017-08-13 02:22:27.008,187.25450134277344,946.64111328125
2017-08-13 02:22:27.042,324.4891052246094,926.0108032226562
2017-08-13 02:22:27.086,350.8711853027344,948.9434814453125
2017-08-13 02:22:27.122,343.88861083984375,970.5963745117188
2017-08-13 02:22:27.157,345.4602966308594,947.5767822265625
2017-08-13 02:22:27.192,344.7626037597656,965.9417724609375
2017-08-13 02:22:27.235,350.4554138183594,949.0264892578125
2017-08-13 02:22:27.271,330.98199462890625,942.1713256835938
2017-08-13 02:22:27.306,339.2864074707031,948.5504150390625
2017-08-13 02:22:27.341,341.2818908691406,954.4127197265625
2017-08-13 02:22:27.376,336.4606018066406,956.880615234375
2017-08-13 02:22:27.419,354.9692077636719,982.7335815429688
2017-08-13 02:22:27.455,357.10479736328125,964.3848876953125
2017-08-13 02:22:27.489,342.4096984863281,978.018798828125
2017-08-13 02:22:27.524,356.0805969238281,975.915771484375
2017-08-13 02:22:27.559,365.2421875,965.3038940429688
2017-08-13 02:22:27.604,342.6300048828125,952.198486328125
2017-08-13 02:22:27.639,353.5758056640625,951.118896484375
2017-08-13 02:22:27.673,573.80126953125,483.3334045410156
2017-08-13 02:22:27.708,797.0831909179688,347.5711975097656
2017-08-13 02:22:27.752,1321.0361328125,124.73639678955078
2017-08-13 02:22:27.788,1618.0257568359375,23.259700775146484
2017-08-13 02:22:27.823,1642.213134765625,18.837200164794922
2017-08-13 02:22:27.857,1633.0323486328125,13.485099792480469
2017-08-13 02:22:27.901,1648.4669189453125,18.015399932861328
2017-08-13 02:22:27.935,1599.63623046875,-38.667701721191406
2017-08-13 02:22:27.969,1609.22119140625,-76.8373031616211
2017-08-13 02:22:28.005,0.0,0.0
2017-08-13 02:22:28.049,1516.5157470703125,-94.3761978149414
2017-08-13 02:22:28.083,1516.5496826171875,-111.0447998046875
2017-08-13 02:22:28.116,1519.20458984375,-90.85050201416016
2017-08-13 02:22:28.150,1526.80126953125,-91.68550109863281
2017-08-13 02:22:28.195,1521.173828125,-106.54850006103516
2017-08-13 02:22:28.229,1537.4364013671875,-103.71070098876953
2017-08-13 02:22:28.263,1521.881103515625,-96.9468994140625
2017-08-13 02:22:28.308,1519.3460693359375,-96.30799865722656
2017-08-13 02:22:28.342,1527.705078125,-99.21430206298828
2017-08-13 02:22:28.376,1514.872802734375,-107.31620025634766
2017-08-13 02:22:28.419,1535.123046875,-104.97049713134766
2017-08-13 02:22:28.454,1520.71044921875,-86.07569885253906
2017-08-13 02:22:28.488,1527.93505859375,-100.83999633789062
2017-08-13 02:22:28.522,1533.6513671875,-83.54989624023438
2017-08-13 02:22:28.568,1510.908203125,-85.37419891357422
2017-08-13 02:22:28.601,1519.3101806640625,-77.53089904785156
2017-08-13 02:22:28.636,1515.8695068359375,-83.63390350341797
2017-08-13 02:22:28.671,1532.171875,-47.749000549316406
2017-08-13 02:22:28.716,1564.58056640625,1.5234999656677246
2017-08-13 02:22:28.749,1544.433837890625,6.690499782562256
2017-08-13 02:22:28.783,1556.116455078125,9.726099967956543
2017-08-13 02:22:28.817,1546.370361328125,-2.293100118637085
2017-08-13 02:22:28.861,1531.18408203125,-10.980299949645996
2017-08-13 02:22:28.895,1560.79931640625,-5.008800029754639
2017-08-13 02:22:28.929,1550.2998046875,1.0839999914169312
2017-08-13 02:22:28.974,1543.6424560546875,0.9639999866485596
2017-08-13 02:22:29.009,1541.935791015625,22.451200485229492
2017-08-13 02:22:29.042,1550.3931884765625,32.960201263427734
2017-08-13 02:22:29.077,1595.146240234375,-50.50859832763672
2017-08-13 02:22:29.121,1571.243408203125,-56.029701232910156
2017-08-13 02:22:29.154,1573.757568359375,-38.57059860229492
2017-08-13 02:22:29.189,1591.4720458984375,-38.81159973144531
2017-08-13 02:22:29.224,1574.093505859375,-42.75379943847656
2017-08-13 02:22:29.268,1584.765380859375,-45.38399887084961
2017-08-13 02:22:29.303,1581.2681884765625,-33.99089813232422
2017-08-13 02:22:29.337,1601.8218994140625,-42.494998931884766
2017-08-13 02:22:29.381,1659.1346435546875,-66.59239959716797
2017-08-13 02:22:29.416,1651.972900390625,-52.06439971923828
2017-08-13 02:22:29.450,1662.865478515625,-51.2333984375
2017-08-13 02:22:29.484,1704.22412109375,-62.50699996948242
2017-08-13 02:22:29.528,1726.17919921875,-37.60810089111328
2017-08-13 02:22:29.563,1722.298828125,-49.028099060058594
2017-08-13 02:22:29.597,1717.2025146484375,-26.804899215698242
2017-08-13 02:22:29.631,1699.783203125,236.47799682617188
2017-08-13 02:22:29.675,0.0,0.0
2017-08-13 02:22:29.709,0.0,0.0
2017-08-13 02:22:29.742,1657.1922607421875,-13.908900260925293
2017-08-13 02:22:29.787,1648.5830078125,-1.544700026512146
2017-08-13 02:22:29.820,1632.9903564453125,14.265800476074219
2017-08-13 02:22:29.855,1645.462646484375,8.840999603271484
2017-08-13 02:22:29.900,1640.77392578125,-10.201399803161621
2017-08-13 02:22:29.935,1646.5069580078125,-20.900699615478516
2017-08-13 02:22:29.969,1642.6494140625,-7.9745001792907715
2017-08-13 02:22:30.003,1655.478759765625,-25.905799865722656
2017-08-13 02:22:30.047,1680.0556640625,-29.91830062866211
2017-08-13 02:22:30.081,1670.69580078125,-21.94099998474121
2017-08-13 02:22:30.115,1662.05078125,-16.185400009155273
2017-08-13 02:22:30.158,1529.681884765625,-11.704299926757812
2017-08-13 02:22:30.193,1536.253173828125,-3.444499969482422
2017-08-13 02:22:30.227,1550.796630859375,-7.614999771118164
2017-08-13 02:22:30.260,1536.3187255859375,0.2370000034570694
2017-08-13 02:22:30.305,1529.0732421875,-1.875100016593933
2017-08-13 02:22:30.339,1527.7022705078125,-12.490500450134277
2017-08-13 02:22:30.373,1520.3895263671875,16.638900756835938
2017-08-13 02:22:30.418,1093.9720458984375,218.293701171875
2017-08-13 02:22:30.452,651.0775756835938,580.1757202148438
2017-08-13 02:22:30.488,497.2597961425781,790.3876953125
2017-08-13 02:22:30.524,473.9457092285156,789.2960205078125
2017-08-13 02:22:30.560,514.6774291992188,797.6021728515625
2017-08-13 02:22:30.594,479.090087890625,795.4411010742188
2017-08-13 02:22:30.638,497.2809143066406,806.7982177734375
2017-08-13 02:22:30.674,510.0083923339844,785.3563232421875
2017-08-13 02:22:30.709,503.4717102050781,802.2462768554688
2017-08-13 02:22:30.746,488.77459716796875,790.2319946289062
2017-08-13 02:22:30.780,504.00201416015625,791.684814453125
2017-08-13 02:22:30.825,488.26129150390625,785.1732788085938
2017-08-13 02:22:30.862,508.6177062988281,771.8109130859375
2017-08-13 02:22:30.895,490.026611328125,778.95458984375
2017-08-13 02:22:30.929,590.9277954101562,780.2772827148438
2017-08-13 02:22:30.964,584.5673217773438,790.0103759765625
2017-08-13 02:22:31.008,588.9940185546875,781.4583129882812
2017-08-13 02:22:31.044,593.7744140625,762.0460815429688
2017-08-13 02:22:31.078,595.055419921875,752.2575073242188
2017-08-13 02:22:31.123,593.3640747070312,771.6873779296875
2017-08-13 02:22:31.158,588.87158203125,777.7412109375
2017-08-13 02:22:31.193,606.0468139648438,752.74267578125
2017-08-13 02:22:31.228,586.6798706054688,753.48876953125
2017-08-13 02:22:31.262,596.4384155273438,733.0753784179688
2017-08-13 02:22:31.306,592.2335815429688,751.0574951171875
2017-08-13 02:22:31.342,594.666015625,762.6456298828125
2017-08-13 02:22:31.376,598.590576171875,756.0338745117188
2017-08-13 02:22:31.411,588.630126953125,745.7921752929688
2017-08-13 02:22:31.445,601.0693969726562,754.9901733398438
2017-08-13 02:22:31.489,586.2609252929688,719.3646850585938
2017-08-13 02:22:31.525,586.251708984375,719.636474609375
2017-08-13 02:22:31.559,572.5618896484375,729.0927734375
2017-08-13 02:22:31.594,466.48699951171875,735.3389892578125
2017-08-13 02:22:31.638,468.62310791015625,712.140625
2017-08-13 02:22:31.672,460.4754943847656,711.8621826171875
2017-08-13 02:22:31.707,474.5690002441406,731.86767578125
2017-08-13 02:22:31.750,471.8463134765625,733.8206176757812
2017-08-13 02:22:31.785,459.0714111328125,711.0288696289062
2017-08-13 02:22:31.821,469.70318603515625,703.294677734375
2017-08-13 02:22:31.858,466.7887878417969,727.2633056640625
2017-08-13 02:22:31.892,437.0663146972656,699.5548095703125
2017-08-13 02:22:31.927,432.3951110839844,716.3751831054688
2017-08-13 02:22:31.972,448.464599609375,709.52587890625
2017-08-13 02:22:32.007,435.0516052246094,716.6630859375
2017-08-13 02:22:32.041,432.1492919921875,711.1257934570312
2017-08-13 02:22:32.076,439.1993103027344,691.84619140625
2017-08-13 02:22:32.121,558.8148193359375,706.659912109375
2017-08-13 02:22:32.155,693.5831909179688,656.3228759765625
2017-08-13 02:22:32.190,677.685302734375,632.5382080078125
2017-08-13 02:22:32.225,661.4105224609375,641.465576171875
2017-08-13 02:22:32.260,663.4097290039062,649.4274291992188
2017-08-13 02:22:32.305,692.156982421875,664.9127197265625
2017-08-13 02:22:32.341,528.1309814453125,695.1381225585938
2017-08-13 02:22:32.375,86.71150207519531,728.7573852539062
2017-08-13 02:22:32.410,52.68429946899414,731.1043701171875
2017-08-13 02:22:32.444,72.24530029296875,731.435302734375
2017-08-13 02:22:32.490,83.80729675292969,714.3739013671875
2017-08-13 02:22:32.525,79.1134033203125,718.0385131835938
2017-08-13 02:22:32.559,68.997802734375,712.9365234375
2017-08-13 02:22:32.594,72.87249755859375,725.2426147460938
2017-08-13 02:22:32.638,80.85700225830078,726.109375
2017-08-13 02:22:32.674,65.3041000366211,727.0352783203125
2017-08-13 02:22:32.709,87.70159912109375,707.6433715820312
2017-08-13 02:22:32.743,82.39080047607422,697.2448120117188
2017-08-13 02:22:32.777,75.84809875488281,705.3037719726562
2017-08-13 02:22:32.823,67.65589904785156,635.9569702148438
2017-08-13 02:22:32.858,-176.4969940185547,769.3541259765625
2017-08-13 02:22:32.892,150.33680725097656,644.9085083007812
2017-08-13 02:22:32.926,203.6365966796875,564.8101806640625
2017-08-13 02:22:32.971,203.4093017578125,611.4561157226562
2017-08-13 02:22:33.005,283.0495910644531,547.996826171875
2017-08-13 02:22:33.039,149.43629455566406,655.6099243164062
2017-08-13 02:22:33.074,206.3271026611328,621.8372192382812
2017-08-13 02:22:33.120,213.71910095214844,610.4176025390625
2017-08-13 02:22:33.154,190.6605987548828,561.6079711914062
2017-08-13 02:22:33.188,212.9929962158203,583.7882080078125
2017-08-13 02:22:33.223,237.05929565429688,551.5767211914062
2017-08-13 02:22:33.268,252.02769470214844,645.3295288085938
2017-08-13 02:22:33.302,248.3585968017578,648.7987060546875
2017-08-13 02:22:33.336,263.8924865722656,547.54638671875
2017-08-13 02:22:33.371,260.4139099121094,582.9484252929688
2017-08-13 02:22:33.416,224.77139282226562,785.0733032226562
2017-08-13 02:22:33.451,-95.4540023803711,1220.665283203125
2017-08-13 02:22:33.484,0.0,0.0
2017-08-13 02:22:33.517,0.0,0.0
2017-08-13 02:22:33.562,0.0,0.0
2017-08-13 02:22:33.595,357.27630615234375,768.151611328125
2017-08-13 02:22:33.628,351.97601318359375,593.5902099609375
2017-08-13 02:22:33.674,335.1471862792969,638.9249267578125
2017-08-13 02:22:33.709,308.9632873535156,556.3466186523438
2017-08-13 02:22:33.743,328.59521484375,601.2213134765625
2017-08-13 02:22:33.777,249.4344024658203,520.7880249023438
2017-08-13 02:22:33.822,289.1802978515625,576.6668701171875
2017-08-13 02:22:33.855,302.3046875,437.1247863769531
2017-08-13 02:22:33.889,350.1077880859375,560.8759155273438
2017-08-13 02:22:33.925,416.198486328125,501.0356140136719
2017-08-13 02:22:33.969,378.7290954589844,549.0396118164062
2017-08-13 02:22:34.003,400.5223083496094,548.6970825195312
2017-08-13 02:22:34.038,366.7261047363281,578.1201782226562
2017-08-13 02:22:34.081,391.2484130859375,526.9293823242188
2017-08-13 02:22:34.115,363.93890380859375,563.3900146484375
2017-08-13 02:22:34.149,457.41668701171875,626.5
2017-08-13 02:22:34.193,428.08099365234375,562.7747192382812
2017-08-13 02:22:34.227,402.8326110839844,569.1104125976562
2017-08-13 02:22:34.261,450.3952941894531,584.9429931640625
2017-08-13 02:22:34.294,463.5981140136719,622.322509765625
2017-08-13 02:22:34.340,456.2593078613281,574.81298828125
2017-08-13 02:22:34.374,436.0050964355469,586.297119140625
2017-08-13 02:22:34.408,479.6160888671875,595.5814208984375
2017-08-13 02:22:34.443,460.139404296875,646.3209228515625
2017-08-13 02:22:34.487,484.4867858886719,642.3355712890625
2017-08-13 02:22:34.522,513.3399047851562,597.9608764648438
2017-08-13 02:22:34.556,477.98028564453125,592.5819091796875
2017-08-13 02:22:34.600,126.20140075683594,1188.47021484375
2017-08-13 02:22:34.634,0.0,0.0
2017-08-13 02:22:34.668,0.0,0.0
2017-08-13 02:22:34.702,0.0,0.0
2017-08-13 02:22:34.748,209.9904022216797,1057.577880859375
2017-08-13 02:22:34.782,189.29519653320312,805.5404052734375
2017-08-13 02:22:34.815,480.5553894042969,552.7662963867188
2017-08-13 02:22:34.859,448.24810791015625,556.3944702148438
2017-08-13 02:22:34.893,478.4316101074219,472.0755920410156
2017-08-13 02:22:34.928,496.4103088378906,483.4740905761719
2017-08-13 02:22:34.962,510.26568603515625,602.4683227539062
2017-08-13 02:22:35.005,519.5712890625,528.6199951171875
2017-08-13 02:22:35.039,494.0470886230469,519.4049072265625
2017-08-13 02:22:35.072,499.0722961425781,517.6475830078125
2017-08-13 02:22:35.117,585.2849731445312,551.6149291992188
2017-08-13 02:22:35.151,570.17138671875,572.673828125
2017-08-13 02:22:35.186,588.3342895507812,579.3466796875
2017-08-13 02:22:35.219,554.5933227539062,665.1704711914062
2017-08-13 02:22:35.265,637.9130859375,636.960693359375
2017-08-13 02:22:35.300,626.69189453125,643.4796142578125
2017-08-13 02:22:35.336,641.6171875,661.164306640625
2017-08-13 02:22:35.369,640.9761962890625,653.3698120117188
2017-08-13 02:22:35.413,624.0023193359375,665.6055908203125
2017-08-13 02:22:35.447,625.7935180664062,661.7343139648438
2017-08-13 02:22:35.480,644.18408203125,669.1697998046875
2017-08-13 02:22:35.525,631.638671875,693.9744262695312
2017-08-13 02:22:35.560,695.0770263671875,662.78271484375
2017-08-13 02:22:35.594,702.132080078125,657.8378295898438
2017-08-13 02:22:35.629,685.7188720703125,660.1597900390625
2017-08-13 02:22:35.674,680.1021728515625,673.465576171875
2017-08-13 02:22:35.709,709.3233032226562,690.8173217773438
2017-08-13 02:22:35.742,726.6472778320312,658.573974609375
2017-08-13 02:22:35.777,708.1109008789062,670.888916015625
2017-08-13 02:22:35.811,704.3889770507812,629.8328857421875
2017-08-13 02:22:35.855,735.75537109375,652.9711303710938
2017-08-13 02:22:35.891,713.453125,636.4625244140625
2017-08-13 02:22:35.926,714.1480712890625,637.5432739257812
2017-08-13 02:22:35.960,549.4096069335938,683.4138793945312
2017-08-13 02:22:36.004,117.28070068359375,708.39111328125
2017-08-13 02:22:36.040,98.89640045166016,731.4213256835938
2017-08-13 02:22:36.074,109.14730072021484,711.4442749023438
2017-08-13 02:22:36.108,98.45989990234375,742.4027099609375
2017-08-13 02:22:36.152,120.30819702148438,716.2615966796875
2017-08-13 02:22:36.187,98.7042007446289,715.2390747070312
2017-08-13 02:22:36.223,96.59420013427734,719.6771850585938
2017-08-13 02:22:36.259,103.83110046386719,733.1881103515625
2017-08-13 02:22:36.294,98.71710205078125,728.0614013671875
2017-08-13 02:22:36.340,107.18679809570312,741.6350708007812
2017-08-13 02:22:36.374,119.10169982910156,732.7736206054688
2017-08-13 02:22:36.408,68.84110260009766,745.2183837890625
2017-08-13 02:22:36.442,90.20490264892578,749.961669921875
2017-08-13 02:22:36.487,79.87030029296875,739.757080078125
2017-08-13 02:22:36.523,83.73410034179688,728.5822143554688
2017-08-13 02:22:36.558,71.35559844970703,732.2774047851562
2017-08-13 02:22:36.593,73.79650115966797,746.038330078125
2017-08-13 02:22:36.628,170.97659301757812,756.2860107421875
2017-08-13 02:22:36.672,184.4958953857422,738.50048828125
2017-08-13 02:22:36.708,190.54049682617188,739.6638793945312
2017-08-13 02:22:36.742,183.18870544433594,743.984619140625
2017-08-13 02:22:36.776,193.06410217285156,736.4680786132812
2017-08-13 02:22:36.820,170.59739685058594,748.2767944335938
2017-08-13 02:22:36.854,62.359500885009766,1094.865966796875
2017-08-13 02:22:36.888,0.0,0.0
2017-08-13 02:22:36.923,0.0,0.0
2017-08-13 02:22:36.966,0.0,0.0
2017-08-13 02:22:37.000,265.343505859375,834.4163818359375
2017-08-13 02:22:37.035,0.0,0.0
2017-08-13 02:22:37.078,252.17140197753906,595.0877075195312
2017-08-13 02:22:37.111,260.8971862792969,603.58349609375
2017-08-13 02:22:37.145,270.68609619140625,628.142822265625
2017-08-13 02:22:37.190,285.35308837890625,658.5595703125
2017-08-13 02:22:37.225,275.05419921875,625.6737060546875
2017-08-13 02:22:37.260,288.1877136230469,703.115478515625
2017-08-13 02:22:37.295,288.9755859375,729.3394165039062
2017-08-13 02:22:37.339,358.88970947265625,725.369873046875
2017-08-13 02:22:37.374,358.910888671875,738.6627807617188
2017-08-13 02:22:37.409,344.8984069824219,730.2335205078125
2017-08-13 02:22:37.443,335.2113037109375,633.2064819335938
2017-08-13 02:22:37.486,364.3630065917969,647.9342041015625
2017-08-13 02:22:37.520,503.65948486328125,707.95068359375
2017-08-13 02:22:37.555,502.2040100097656,716.736083984375
2017-08-13 02:22:37.589,517.114013671875,735.4580078125
2017-08-13 02:22:37.635,503.6101989746094,718.1256713867188
2017-08-13 02:22:37.671,501.83209228515625,737.9005737304688
2017-08-13 02:22:37.705,0.0,0.0
2017-08-13 02:22:37.739,0.0,0.0
2017-08-13 02:22:37.773,0.0,0.0
2017-08-13 02:22:37.817,435.49371337890625,1011.2036743164062
2017-08-13 02:22:37.850,601.1074829101562,686.4091796875
2017-08-13 02:22:37.894,598.8018798828125,584.5552978515625
2017-08-13 02:22:37.927,603.1527099609375,565.5222778320312
2017-08-13 02:22:37.961,589.6690063476562,552.7498168945312
2017-08-13 02:22:37.995,640.667724609375,493.5368957519531
2017-08-13 02:22:38.040,706.1937866210938,558.9199829101562
2017-08-13 02:22:38.075,697.4075927734375,535.9448852539062
2017-08-13 02:22:38.108,727.530517578125,602.2321166992188
2017-08-13 02:22:38.152,729.7379760742188,669.6962280273438
2017-08-13 02:22:38.187,715.3322143554688,631.0866088867188
2017-08-13 02:22:38.222,730.162109375,692.2368774414062
2017-08-13 02:22:38.256,288.05108642578125,572.2944946289062
2017-08-13 02:22:38.302,151.02220153808594,652.0377197265625
2017-08-13 02:22:38.335,128.44920349121094,749.523193359375
2017-08-13 02:22:38.371,145.30479431152344,757.5233154296875
2017-08-13 02:22:38.405,141.53500366210938,767.2860107421875
2017-08-13 02:22:38.441,138.17660522460938,759.7183837890625
2017-08-13 02:22:38.487,151.77430725097656,753.2332763671875
2017-08-13 02:22:38.522,141.6096954345703,759.3021240234375
2017-08-13 02:22:38.556,230.42359924316406,776.7462158203125
2017-08-13 02:22:38.589,234.62860107421875,773.92919921875
2017-08-13 02:22:38.633,240.1894073486328,771.5966186523438
2017-08-13 02:22:38.668,238.21519470214844,786.6121826171875
2017-08-13 02:22:38.703,248.50340270996094,771.0653076171875
2017-08-13 02:22:38.737,260.5216979980469,781.5758056640625
2017-08-13 02:22:38.780,242.41259765625,787.0385131835938
2017-08-13 02:22:38.814,235.6096954345703,770.2960205078125
2017-08-13 02:22:38.847,236.8616943359375,791.0380249023438
2017-08-13 02:22:38.890,250.74600219726562,755.1909790039062
2017-08-13 02:22:38.924,248.80960083007812,764.9755249023438
2017-08-13 02:22:38.968,253.6260986328125,773.3878173828125
2017-08-13 02:22:39.000,352.11279296875,758.7860107421875
2017-08-13 02:22:39.035,396.4953918457031,787.0460815429688
2017-08-13 02:22:39.071,391.5292053222656,775.9927978515625
2017-08-13 02:22:39.115,392.4287109375,750.2642822265625
2017-08-13 02:22:39.149,365.6852111816406,747.0889892578125
2017-08-13 02:22:39.181,503.3644104003906,497.1072082519531
2017-08-13 02:22:39.224,387.3900146484375,658.5734252929688
2017-08-13 02:22:39.259,424.3994140625,727.2128295898438
2017-08-13 02:22:39.293,412.0050964355469,616.64501953125
2017-08-13 02:22:39.336,455.4350891113281,674.6256713867188
2017-08-13 02:22:39.371,415.49591064453125,632.9144287109375
2017-08-13 02:22:39.407,399.5863952636719,586.4342041015625
2017-08-13 02:22:39.440,404.6070861816406,602.1049194335938
2017-08-13 02:22:39.484,475.6101989746094,738.0037231445312
2017-08-13 02:22:39.519,493.697998046875,637.7545776367188
2017-08-13 02:22:39.554,507.6505126953125,642.8153076171875
2017-08-13 02:22:39.588,426.43310546875,607.0786743164062
2017-08-13 02:22:39.633,439.81719970703125,580.5736083984375
2017-08-13 02:22:39.669,448.8031921386719,633.6077270507812
2017-08-13 02:22:39.703,545.8292236328125,624.388916015625
2017-08-13 02:22:39.740,662.3363037109375,609.760498046875
2017-08-13 02:22:39.775,565.468994140625,669.39208984375
2017-08-13 02:22:39.810,600.5441284179688,747.7266845703125
2017-08-13 02:22:39.853,597.809326171875,756.2274780273438
2017-08-13 02:22:39.889,611.768310546875,755.9691162109375
2017-08-13 02:22:39.924,605.302978515625,762.9605712890625
2017-08-13 02:22:39.959,651.3505859375,756.7487182617188
2017-08-13 02:22:40.004,664.55322265625,732.2863159179688
2017-08-13 02:22:40.038,683.3549194335938,753.556884765625
2017-08-13 02:22:40.072,609.4384155273438,615.0386962890625
2017-08-13 02:22:40.106,674.7991943359375,737.147216796875
2017-08-13 02:22:40.149,668.0090942382812,751.1796875
2017-08-13 02:22:40.184,676.9091796875,749.075927734375
2017-08-13 02:22:40.219,684.4212036132812,771.2479858398438
2017-08-13 02:22:40.262,624.5501708984375,692.5784301757812
2017-08-13 02:22:40.296,124.85820007324219,813.955078125
2017-08-13 02:22:40.330,105.58070373535156,673.56689453125
2017-08-13 02:22:40.364,95.21040344238281,813.5635986328125
2017-08-13 02:22:40.409,95.21649932861328,810.611572265625
2017-08-13 02:22:40.442,92.88150024414062,824.19677734375
2017-08-13 02:22:40.476,95.72859954833984,810.769287109375
2017-08-13 02:22:40.519,78.85179901123047,824.9661865234375
2017-08-13 02:22:40.554,96.72949981689453,818.176025390625
2017-08-13 02:22:40.588,94.80509948730469,819.455322265625
2017-08-13 02:22:40.633,-41.26810073852539,875.06298828125
2017-08-13 02:22:40.666,0.0,0.0
2017-08-13 02:22:40.699,0.0,0.0
2017-08-13 02:22:40.743,0.0,0.0
2017-08-13 02:22:40.777,0.0,0.0
2017-08-13 02:22:40.811,0.0,0.0
2017-08-13 02:22:40.855,115.87989807128906,1050.8621826171875
2017-08-13 02:22:40.889,134.4208984375,863.3546752929688
2017-08-13 02:22:40.922,21.554500579833984,839.87939453125
2017-08-13 02:22:40.966,156.3679962158203,717.9882202148438
2017-08-13 02:22:41.002,170.3553924560547,706.7493286132812
2017-08-13 02:22:41.037,118.15270233154297,982.959228515625
2017-08-13 02:22:41.072,0.0,0.0
2017-08-13 02:22:41.105,0.0,0.0
2017-08-13 02:22:41.149,0.0,0.0
2017-08-13 02:22:41.182,0.0,0.0
2017-08-13 02:22:41.215,339.6451110839844,-686.4083862304688
2017-08-13 02:22:41.261,0.0,0.0
2017-08-13 02:22:41.295,0.0,0.0
2017-08-13 02:22:41.329,142.60299682617188,895.5648803710938
2017-08-13 02:22:41.373,0.0,0.0
2017-08-13 02:22:41.406,261.2493896484375,722.7689819335938
2017-08-13 02:22:41.441,229.12010192871094,701.9349975585938
2017-08-13 02:22:41.485,303.3475036621094,707.027099609375
2017-08-13 02:22:41.521,283.6686096191406,738.601318359375
2017-08-13 02:22:41.557,326.9291076660156,655.44970703125
2017-08-13 02:22:41.591,270.7367858886719,716.7122192382812
2017-08-13 02:22:41.625,238.16990661621094,791.9046020507812
2017-08-13 02:22:41.669,322.1081848144531,604.7484130859375
2017-08-13 02:22:41.703,-105.14440155029297,685.8582153320312
2017-08-13 02:22:41.737,292.34710693359375,671.5203857421875
2017-08-13 02:22:41.780,296.2090148925781,643.4429931640625
2017-08-13 02:22:41.814,175.80079650878906,610.9390869140625
2017-08-13 02:22:41.847,343.0790100097656,672.7044067382812
2017-08-13 02:22:41.891,341.21771240234375,631.8884887695312
2017-08-13 02:22:41.926,306.1722106933594,773.9553833007812
2017-08-13 02:22:41.960,368.4692077636719,586.0147094726562
2017-08-13 02:22:41.994,301.8494873046875,580.1652221679688
2017-08-13 02:22:42.039,405.10888671875,791.9251708984375
2017-08-13 02:22:42.073,426.1805114746094,666.6522827148438
2017-08-13 02:22:42.108,476.8398132324219,692.718505859375
2017-08-13 02:22:42.142,438.59429931640625,667.448486328125
2017-08-13 02:22:42.185,436.28240966796875,648.660888671875
2017-08-13 02:22:42.221,483.40521240234375,802.3123779296875
2017-08-13 02:22:42.255,452.7784118652344,620.2733764648438
2017-08-13 02:22:42.290,479.8056945800781,768.599609375
2017-08-13 02:22:42.333,566.3801879882812,773.4942016601562
2017-08-13 02:22:42.370,538.8485107421875,663.94970703125
2017-08-13 02:22:42.404,591.5930786132812,801.4793701171875
2017-08-13 02:22:42.439,606.3798217773438,789.8582763671875
2017-08-13 02:22:42.483,589.748291015625,781.6544189453125
2017-08-13 02:22:42.517,567.1032104492188,786.955810546875
2017-08-13 02:22:42.552,581.6013793945312,777.8870239257812
2017-08-13 02:22:42.588,588.30126953125,793.6494140625
2017-08-13 02:22:42.623,583.3267211914062,798.4915771484375
2017-08-13 02:22:42.667,186.64410400390625,703.085205078125
2017-08-13 02:22:42.700,65.10420227050781,844.7432250976562
2017-08-13 02:22:42.734,84.53450012207031,852.9093017578125
2017-08-13 02:22:42.778,66.53800201416016,853.2404174804688
2017-08-13 02:22:42.812,75.18299865722656,878.9326171875
2017-08-13 02:22:42.846,69.03949737548828,842.3624877929688
2017-08-13 02:22:42.889,79.47689819335938,852.0363159179688
